3050 4867
729 394 777 468 15

193 596 419 693 Quapropter
435 593 495 667 hio
511 593 556 667 de
574 618 617 667 ea
633 616 707 668 non
724 595 882 691 amplius
897 573 1101 691 loquamur.
1147 594 1312 669 Maxime

191 726 316 791 autem
340 716 473 789 usitata
498 713 594 811 apud
618 716 807 811 Mongolos
831 723 888 789 est
902 716 1028 789 Dativi
1042 723 1141 790 nota:
1169 717 1312 802 “dar'',

193 860 289 933 quae
324 834 364 909 in
403 836 558 913 Turoiaa
599 836 724 931 lingua
753 836 793 907 in
837 860 909 908 uno
950 843 1094 908 tantum
1140 836 1313 909 adverbio

192 956 357 1053 gua-daz
374 972 397 1003 “
408 956 594 1029 interdiu''
613 956 803 1051 reperitur.
856 956 959 1039 Quod
976 956 1060 1042 daz,
1078 955 1176 1028 haud
1201 954 1315 1027 dubie

193 1076 292 1149 aliud
303 1100 377 1148 non
390 1084 456 1163 est,
471 1099 581 1171 quam
600 1092 622 1126 “
637 1076 742 1148 dur.''
805 1075 840 1149 N
841 1100 901 1148 am
915 1100 1084 1148 sonorum
1097 1075 1317 1171 permutatio

196 1197 294 1270 inter
307 1200 381 1268 “z'’
401 1204 438 1269 et
452 1199 520 1267 “r''
535 1196 574 1267 in
588 1196 740 1268 Turaioa
752 1196 877 1292 lingua
886 1196 1027 1291 saepius
1036 1196 1140 1268 nobis
1152 1196 1317 1281 ooourrit,

195 1342 308 1414 quum
327 1316 456 1389 Tureis
472 1316 595 1389 littera
612 1320 679 1387 “r''
694 1316 754 1389 hic
767 1316 842 1388 illie
863 1316 972 1388 nimis
988 1340 1115 1413 aspera
1139 1317 1317 1401 videatur,
1385 1334 1394 1352 ·

192 1460 304 1533 quam
321 1436 466 1509 mitiore
483 1437 640 1531 quodam
666 1460 752 1509 sono
777 1445 1002 1509 commutare
1027 1436 1186 1509 student.
1238 1436 1319 1509 Hoc

193 1556 280 1629 inde
294 1556 406 1629 etiam
434 1566 593 1651 apparet,
612 1556 707 1651 quod
724 1580 830 1651 saepe
842 1556 937 1627 hane
949 1555 1108 1628 litteram
1120 1554 1319 1651 reperimus
1382 1600 1384 1604 -

193 1677 334 1750 elisam.
388 1676 468 1749 Hoa
494 1677 600 1749 modo
617 1700 651 1749 e.
680 1701 715 1772 g.
736 1702 802 1772 pro
820 1677 984 1749 “arelao''
1013 1678 1115 1771 (leo),
1133 1700 1226 1771 quae
1242 1684 1317 1749 tres

197 1796 324 1869 literae
350 1800 448 1871 “rat''
471 1798 580 1893 juxta
605 1822 642 1870 se
659 1797 797 1894 positae
809 1821 976 1892 asperum
993 1796 1174 1892 quendam
1191 1820 1319 1870 sonum

198 1916 354 2013 gignunt
395 1918 603 2015 saepissime
631 1916 756 1989 littera
772 1920 839 1988 “r'’
867 1917 1000 1989 omissa
1026 1917 1317 2031 pronuntiantur:

200 2036 346 2109 “orlaa''
377 2037 606 2110 Permutatae
617 2036 759 2109 litterae
770 2037 974 2108 “r''in“z’'
984 2036 1073 2109 item
1081 2036 1247 2111 videmus
1256 2060 1320 2110 ex-

201 2157 322 2253 empla
334 2159 578 2252 inffyazmaw
593 2164 631 2230 et
644 2157 847 2252 “parmula'',
858 2156 898 2227 in
910 2156 949 2227 in
959 2157 1038 2253 gloz
1047 2163 1086 2229 et
1094 2157 1238 2252 g‘ormelc
1247 2163 1318 2230 ete.

199 2275 403 2352 Praeterea,
417 2276 545 2349 Turois
570 2283 608 2349 et
632 2276 813 2372 Mangolis
829 2276 902 2347 alia
918 2275 1029 2349 etiam
1055 2285 1094 2351 et
1118 2277 1321 2350 communis

197 2396 324 2471 Dativi
336 2403 392 2469 est
407 2402 506 2468 nota:
528 2410 550 2441 “
563 2399 609 2469 a''
627 2403 665 2469 et
678 2400 757 2482 “e'',
769 2420 878 2491 quam
889 2396 989 2469 varie
1001 2395 1184 2482 adhibent,
1199 2397 1320 2493 prouti

194 2514 493 2601 assimulationis
507 2540 617 2609 quam
633 2515 671 2587 in
683 2515 878 2587 Tartariois
891 2516 1026 2611 linguis
1035 2516 1204 2590 omnibus
1215 2540 1316 2611 repe-

195 2637 314 2709 rimus
327 2641 521 2722 servatam
540 2637 602 2709 lex
619 2636 789 2731 postulat,
807 2635 833 2707 i.
852 2661 885 2708 e.
904 2636 1024 2731 prouti
1041 2638 1203 2732 syllabae
1219 2636 1319 2733 prin-

194 2758 333 2854 cipales
345 2782 449 2831 sonos
466 2757 604 2831 habent
620 2759 788 2831 obscuros
802 2760 862 2831 vel
878 2760 992 2831 elaios
1010 2759 1088 2856 (vel
1100 2783 1134 2844 a,
1152 2784 1185 2843 o,
1199 2781 1234 2844 u,
1256 2760 1319 2832 vel

194 2902 223 2966 e,
243 2880 284 2963 io,
302 2878 347 2961 ¹a,
365 2880 396 2972 i)
414 2878 556 2951 vocales
582 2876 626 2951 iis
651 2877 907 2971 respondentes
924 2876 978 2948 iin
1002 2878 1151 2973 adjectis
1167 2879 1320 2975 syllabis

193 3002 347 3093 ponturt.
1119 3016 1122 3021 ·

247 3120 434 3202 Attamen,
469 3122 511 3189 ut
553 3115 735 3191 Schottius
779 3116 948 3214 (Versuet
980 3117 1060 3189 ater
1101 3118 1155 3190 die
1191 3118 1314 3196 Tutor.

197 3237 385 3332 Spruclea,
406 3260 489 3333 pag.
512 3237 577 3333 55)
595 3236 792 3321 oontendit,
818 3237 943 3310 Dativi
968 3237 1183 3334 significatio
1207 3240 1318 3336 sylla-

194 3358 253 3431 ‘bis
281 3376 303 3405 “
319 3360 365 3431 a''
391 3365 430 3432 et
456 3361 531 3431 “e''
559 3358 735 3453 adjunctis
762 3382 934 3454 expressa
956 3381 1033 3432 non
1057 3359 1181 3436 statim
1197 3360 1316 3455 ipsam

196 3477 238 3549 'in
255 3478 606 3553 Osmanoturuieam
623 3481 787 3576 linguam
798 3478 980 3551 transivit.
1033 3479 1192 3553 Omnino
1216 3481 1316 3553 enim

199 3597 272 3669 tale
287 3600 503 3695 principium
526 3600 565 3671 in
596 3601 757 3686 Tumiea,
784 3600 989 3696 Mangolioa
1012 3606 1051 3673 et
1074 3601 1315 3675 Mandehuioa

198 3716 324 3812 lingua
339 3721 473 3794 frustra
495 3742 758 3815 quaereremus.

248 3834 406 3911 Tantum
421 3838 521 3911 enim
538 3838 650 3923 abest,
669 3844 711 3909 ut
726 3837 811 3910 illae
827 3844 901 3911 tres
916 3838 1055 3911 altioris
1077 3838 1189 3913 Asiae
1212 3839 1312 3935 prin-

195 3954 331 4051 aipales
364 3956 508 4053 linguae
537 3958 590 4032 ita
615 3957 826 4053 conjunctae
855 3958 939 4044 sint,
967 3958 1098 4029 utalia
1120 3959 1167 4031 ab
1195 3960 1313 4039 altera

197 4076 440 4162 descenderet,
457 4085 499 4150 ut
514 4079 622 4151 simul
638 4102 722 4151 oum
748 4078 909 4174 ipsarum
945 4077 1110 4154 dialectis
1134 4079 1214 4175 plus
1242 4082 1311 4154 mi-

199 4217 314 4272 nusve
330 4197 561 4295 divergentes
577 4200 670 4273 rami
680 4206 862 4275 vestustae
871 4199 1058 4295 eujusdam
1072 4201 1194 4275 neseio
1209 4202 1311 4298 eujus
