3050 4867
730 380 755 460 e

175 590 305 681 gam
328 582 571 659 mavnomina
595 583 849 669 continentem,
869 591 962 679 q'une
986 583 1152 680 regiones
1181 579 1298 658 fluvio

175 706 346 783 Danubio
379 704 590 800 ‚adjacentes
630 705 808 791 incolunt,
851 728 944 799 quae
980 705 1020 777 in
1075 704 1298 779 Chersoneso

175 827 342 923 illumina
372 828 411 901 in
445 826 596 901 desertis
622 826 806 922 Nogaicis,
827 826 867 899 in
894 825 1053 901 Caucaso
1084 831 1219 910 monte,
1249 824 1297 925 ad

174 946 499 1043 msaionsvolgaa
509 946 1048 1043 ripas,inprovin‘cia(lasanica
1056 945 1295 1041 reperiuntur,

174 1073 339 1163 qualeque
356 1092 422 1163 per
437 1091 609 1163 magnam
625 1066 785 1141 Siberine
803 1073 946 1162 partem
957 1066 1107 1139 diffusae
1121 1072 1158 1138 et
1170 1077 1297 1141 omnes

173 1188 252 1264 fere
268 1187 419 1261 Rnssioo
435 1186 588 1281 imperio
603 1185 783 1281 subjectae
810 1191 908 1260 sunt.
939 1229 943 1250 ·
962 1185 1153 1259 Praeterea
1169 1208 1296 1261 omnes

173 1309 287 1383 etiam
304 1308 485 1381 ulterioris
505 1307 616 1383 Asiae
639 1307 753 1401 partis
773 1306 913 1380 incolae
934 1305 1079 1381 Tartari
1104 1311 1292 1382 vocantur.

172 1426 241 1503 Sin
266 1450 351 1503 vern
375 1432 494 1499 totum
517 1426 606 1521 quid
630 1426 778 1503 nomine
805 1426 992 1502 Tartarico
1017 1427 1182 1500 volumus
1198 1449 1294 1501 com·

174 1546 409 1643 prehendere,
435 1546 542 1620 aliter
566 1546 604 1619 id
629 1546 708 1624 fieri
734 1571 807 1619 non
832 1553 963 1641 potest,
987 1545 1059 1617 nisi
1082 1552 1125 1617 ut
1149 1545 1295 1640 linguas

173 1667 358 1743 ulterioris
381 1668 490 1741 Asiae
517 1673 664 1763 propter
688 1668 975 1753 similitudinem,
1001 1690 1094 1761 quae
1118 1667 1293 1740 intereas

176 1787 382 1872 intercedit
396 1788 522 1861 eodem
534 1787 641 1861 modo
655 1788 873 1865 intueamur.
924 1788 986 1861 Ad
998 1787 1064 1861 has
1076 1787 1290 1882 Mangolica¹

138 1952 142 1963 ·
174 1902 417 1980 alamannica
432 1910 471 1977 et
487 1927 578 1999 quae
592 1906 793 1980 maximam
806 1914 948 2004 partem
958 1932 1008 1981 ex
1020 1907 1190 1981 ulteriore
1201 1907 1293 1984 Asia

175 2024 404 2111 descendisse
441 2026 626 2114 videntur,
644 2027 868 2124 'Hungaric'a
896 2035 934 2101 et
960 2028 1120 2101 Fennica
1147 2029 1292 2123 linguae

176 2152 325 2241 propter
357 2148 540 2243 propriam
571 2147 733 2244 ipsarum
772 2150 933 2223 indolem
966 2149 1094 2221 referri
1129 2155 1290 2243 posamt,

174 2265 306 2343 deinde
330 2291 417 2343 vero
444 2268 607 2354 Turcica
632 2268 671 2346 in
692 2270 827 2346 multas
844 2271 911 2343 vix
927 2270 1122 2367 quidquam
1138 2270 1235 2343 inter
1251 2294 1290 2343 se

175 2386 383 2463 differentes
408 2390 575 2463 disscissa
590 2391 774 2479 dialectos,
792 2417 884 2487 quae
912 2391 1288 2469 ‘murcomannum

173 2510 264 2585 eive,
281 2512 658 2589 “Tamannouna”
687 2514 766 2587 aive
790 2514 1002 2610 simpliciter
1027 2514 1288 2589 “Tartareae”

172 2632 419 2726 appellantur.
469 2631 541 2707 Hic
559 2632 623 2707 illa
638 2634 745 2711 nobis,
759 2634 1018 2709 consideranda
1033 2643 1089 2710 est
1103 2635 1288 2719 dialectos,

173 2751 239 2825 erni
266 2775 399 2827 nomen
429 2754 917 2832 est“0s1nano·Turcicae''
946 2758 1024 2833 sive
1055 2757 1287 2843 “osmanli’z

171 2885 269 2967 qrme
283 2870 431 2967 quidem
446 2874 486 2945 in
504 2872 706 2947 Turoarum
724 2876 877 2972 imperio
903 2878 1037 2953 usitata
1062 2886 1117 2955 e'et
1143 2904 1187 2953 nc
1209 2891 1288 2975 per

176 2991 333 3087 vulgata.
388 2991 485 3075 Quae
520 3018 594 3069 non
629 2995 746 3069 solnm
779 2997 1024 3093 Mangolicam
1056 3000 1219 3094 linguam
1250 3006 1289 3077 et

177 3108 467 3199 Mmdohuicam,
491 3114 553 3187 sed
575 3115 733 3211 plurima
757 3117 1008 3195 etiamcetera
1027 3120 1172 3215 linguae
1198 3121 1288 3195 Tur-

173 3231 275 3308 eioae
291 3241 436 3329 superat
451 3234 635 3323 idiomata,
654 3239 908 3314 vocabulorum
921 3248 1043 3315 autem
1059 3224 1162 3343 copia
1178 3267 1287 3345 qnam

175 3370 286 3445 parva
303 3352 351 3425 sit
367 3355 430 3427 vix
455 3356 630 3431 crederes.
682 3358 778 3431 Nam
805 3358 1100 3434 Osmano-Turca
1122 3363 1288 3439 notiones

55 3558 58 3567 ,
177 3473 337 3547 maxime
363 3474 544 3571 simplices
572 3502 633 3551 eas
667 3479 790 3566 etiam,
814 3505 908 3575 quae
939 3483 1287 3577 consanguineorum

175 3592 480 3689 propinquitatem
497 3599 693 3689 continent,
712 3601 871 3696 antiquis
883 3601 987 3697 eique
1000 3604 1153 3699 propriis
1166 3605 1287 3680 verbis

172 3711 380 3807 exprimere
414 3716 567 3793 dubitat
624 3720 750 3815 Neque
783 3721 852 3797 hoc
884 3724 1051 3819 quamvis
1085 3726 1218 3799 mirum
1249 3732 1287 3799 et

175 3858 291 3929 paene
308 3834 515 3913 incredibile
532 3841 716 3937 explicatu
733 3850 790 3917 est
805 3845 963 3929 difficile,
1013 3847 1161 3925 Etenim
1174 3872 1286 3944 quum

174 3955 317 4031 muscae
334 3955 451 4051 siqua
463 3961 652 4039 'exoelhmt
663 3964 875 4052 eruditione,
888 3990 970 4039 eam
986 3967 1142 4041 debeant
1154 3969 1286 4057 Persis,

171 4088 407 4158 communem
432 4087 554 4156 autem
578 4081 736 4158 habeant
759 4110 845 4165 cnm
863 4087 1045 4163 Arabibns
1061 4088 1285 4185 religionem,

170 4194 257 4299 fiori
288 4221 362 4277 non
396 4199 525 4295 potuit,
559 4204 774 4307 praesertim
802 4230 886 4287 cum
917 4206 1046 4301 religio
1069 4207 1175 4284 simul
1202 4233 1285 4292 cnm

276 4342 299 4391 e
