3050 4867
778 387 826 461 10

244 584 458 659 eruditionis
474 586 664 661 elemantis
680 586 757 661 vim
779 610 884 661 suam
904 594 1102 677 exemeret,
1123 590 1213 687 quin
1229 590 1361 667 mahi-

243 730 328 781 cum
352 707 415 781 vel
439 706 625 781 Persicum
651 716 824 803 tanquam
848 708 1050 803 elegantius
1077 717 1254 806 ponerent
1277 712 1358 787 loco

242 828 379 924 proprii
405 852 447 901 ae
473 828 627 915 Turcici,
653 828 692 901 id
717 828 813 923 quod
837 830 1044 903 corroborat
1058 836 1233 918 nostram,
1250 834 1360 928 quam

243 972 352 1044 supra
368 950 562 1045 postumus,
581 949 812 1035 sententiam,
829 972 902 1044 qua
917 949 1076 1023 indolem
1092 974 1166 1023 non
1178 952 1219 1023 in
1231 952 1359 1027 unu

244 1070 306 1144 sed
323 1070 363 1142 in
381 1070 615 1165 grammatica
632 1076 777 1143 tantum
793 1070 953 1143 inveniri
968 1070 1142 1145 diximus.
1202 1073 1361 1147 Arabica

244 1191 344 1263 enim
370 1190 496 1285 lingua
522 1196 561 1263 et
587 1191 743 1277 Persica,
770 1190 878 1265 valde
895 1192 1058 1264 diversae
1080 1193 1121 1264 in
1145 1194 1359 1267 tertiam'et

245 1312 362 1408 ipsam
379 1336 462 1385 oum
475 1312 531 1385 his
542 1336 616 1385 non
626 1320 898 1408 congruentem,
911 1313 952 1385 in
966 1312 1156 1386 ancieam
1167 1313 1361 1387 influentes

244 1458 292 1507 ne
301 1435 453 1507 minime
465 1435 611 1529 quidem
622 1436 896 1530 grammaticam
908 1458 1136 1531 corrumpere
1149 1442 1358 1531 potuerunt

245 1553 323 1637 Quo
347 1556 483 1629 fautum
511 1561 577 1641 est,
605 1562 647 1625 ut
673 1554 828 1627 Turoica
844 1556 970 1651 lingua
986 1557 1157 1651 praebeat
1173 1557 1281 1630 nobis
1295 1580 1362 1630 01.
1499 1519 1500 1542 ³

245 1676 407 1773 emplum
431 1676 667 1762 rarissimum,
697 1700 770 1771 quo
796 1677 941 1771 linguae
961 1676 1110 1771 alicujus
1127 1700 1235 1750 voces
1256 1677 1363 1773 plane

245 1798 424 1870 interiisse
441 1797 616 1882 videmus,
635 1796 913 1892 grammaticam
936 1803 1064 1870 contra
1087 1820 1133 1871 ea
1152 1796 1362 1893 integritate

246 1924 507 2003 conservatam,
535 1942 606 2013 qua
622 1940 744 1991 eama
768 1918 963 2013 majoribus
988 1925 1216 2014 acceperunt.
1266 1918 1363 2002 Qua·
1396 1962 1399 1967 -

247 2046 394 2135 propter
404 2038 483 2135 jam
500 2038 774 2135 grammaticam
787 2038 961 2111 Turoicae
973 2040 1119 2134 linguae
1133 2045 1362 2125 structuram,

247 2180 340 2252 quae
366 2160 522 2233 alienam
547 2161 648 2233 illam
673 2160 863 2232 materiem
888 2164 965 2231 tam
990 2159 1082 2231 mire
1099 2160 1204 2255 regit,
1221 2159 1364 2233 omissis

249 2281 427 2367 omnibus,
453 2306 545 2376 quae
571 2281 616 2351 ad
639 2280 759 2355 lexioa
784 2286 869 2353 sunt
884 2279 1116 2366 removenda,
1134 2281 1282 2377 propius
1298 2302 1363 2353 ex·
1453 2318 1462 2337 ι

250 2402 464 2477 eminemus,
1324 2398 1327 2405 ’

300 2523 420 2595 Facile
446 2529 567 2596 autem
592 2523 739 2596 veniam
764 2546 824 2596 me
848 2547 926 2595 esse
949 2522 1228 2619 impetraturum
1243 2520 1362 2607 credo,

249 2644 341 2729 soni,
359 2644 520 2717 radicum
536 2651 575 2717 et
590 2645 836 2718 derivatorum
852 2644 1121 2730 vocabulorum,
1138 2642 1365 2718 formationis

249 2762 362 2837 etiam
378 2765 590 2851 dootrinam,
609 2766 778 2861 quamvis
793 2764 884 2838 haec
901 2766 941 2837 in
966 2764 1119 2838 Turcioa
1141 2764 1268 2861 lingua
1289 2786 1364 2837 non

251 2884 396 2957 minimi
421 2886 468 2958 sit
491 2886 679 2971 momenti,
714 2885 833 2959 omitti
864 2908 969 2981 posse
1002 2883 1093 2970 dico,
1127 2907 1240 2978 quum
1274 2883 1366 2957 haec

250 3004 378 3077 lexicis
394 3008 513 3103 potius
530 3007 603 3079 sint
619 3006 888 3092 committenda,
899 3030 1010 3101 quam
1023 3005 1293 3100 grammaticae,
1306 3002 1365 3075 cni

250 3124 327 3197 non
356 3126 533 3223 quomodo
561 3126 724 3201 oriantur
758 3127 943 3212 voeabula,
974 3125 1036 3198 sed
1066 3119 1245 3219 quomodo
1276 3122 1366 3197 ortis

250 3247 475 3344 receptisque
500 3248 675 3321 utendum
703 3248 761 3333 sit,
780 3245 1045 3319 observandum
1070 3250 1127 3316 est
1149 3266 1193 3314 ao
1217 3244 1365 3316 demon·

250 3370 450 3456 strandum,
468 3394 629 3465 quaeque
647 3370 698 3442 ibi
714 3369 861 3445 initium
878 3367 992 3462 ponit,
1010 3364 1073 3436 ubi
1099 3364 1189 3450 soni,
1207 3359 1364 3457 syllaba·
1502 3433 1503 3474 ᾖ

251 3516 334 3564 rum
344 3492 517 3578 radicum,
527 3490 785 3564 vocabulorum
793 3486 1069 3560 derivandorum
1082 3480 1365 3558 doctrinafiuam

252 3614 350 3685 fauit.
403 3612 629 3708 Quamquam
654 3634 702 3683 ex
727 3609 796 3682 hac
821 3608 933 3681 etiam
957 3608 1104 3703 liuguae
1129 3610 1243 3701 parte,
1268 3624 1364 3698 quae

252 3732 405 3806 consilio
417 3738 541 3804 nostro
557 3730 758 3805 necessaria
782 3735 930 3803 suntet
954 3728 1070 3813 utilia,
1096 3749 1162 3800 suo
1186 3725 1265 3799 loco
1290 3746 1366 3797 non

250 3853 391 3927 tacebo,

304 3974 383 4047 Hac
400 3973 510 4069 igitur
525 3973 565 4046 in
581 3972 843 4045 dissertationis
859 3977 974 4068 porte,
991 3974 1034 4043 ut
1052 3968 1134 4064 jam
1150 3972 1259 4039 autea
1272 3962 1367 4049 dini,

253 4121 311 4169 res
327 4096 419 4169 mihi
435 4119 510 4169 non
527 4095 596 4168 erit
607 4118 691 4169 cum
704 4093 890 4169 vocabulis
901 4092 1110 4178 formandis,
1121 4090 1184 4165 sed
1195 4088 1368 4185 id-potius

254 4218 461 4303 videndum,
485 4216 664 4311 quomodo
680 4215 869 4303 vocabula,
887 4237 981 4310 quae
998 4214 1153 4287 formata
1172 4209 1251 4306 jam
1267 4230 1369 4305 rape
