3050 4867
713 379 760 453 ΜΘ

24 586 42 656 ,’
57 534 100 659 .”’
187 583 338 681 reliquis
352 580 557 679 postpositis
568 580 785 654 ari—alteram
808 584 1005 676 syntaxeos
1018 584 1169 677 possm
1189 599 1289 655 unns

189 711 383 789 transeam,
402 702 644 798 periodorum
654 724 745 796 quae
762 700 929 774 dicuntur
944 706 1171 795 structuram,
1197 724 1290 798 quae

189 824 336 921 quidem
352 848 434 903 oum
448 824 489 895 in
505 821 698 895 Tartariais
709 821 846 918 tinguis
869 821 1034 895 omnibus
1049 827 1129 894 tum
1143 822 1184 894 in
1200 823 1291 897 Tur·

187 946 265 1021 sios
289 945 423 1019 summi
447 950 503 1017 est
526 944 711 1030 momenti,
737 947 776 1016 et
809 942 983 1039 singulari
1007 945 1160 1039 quodam
1185 946 1291 1021 modo

66 1074 71 1089 '
188 1064 571 1161 exsultastperfeota.
621 1064 796 1137 Attamen
819 1064 987 1151 varietas,
1012 1090 1124 1161 quum
1147 1066 1181 1139 ei
1206 1067 1294 1142 insit

192 1186 297 1283 quasi
313 1185 467 1271 infinita,
480 1184 628 1282 regulae
644 1192 764 1259 sertae
788 1208 831 1259 ao
849 1184 962 1281 leges,
988 1186 1117 1280 quibus
1134 1187 1295 1283 subjecta

53 1363 64 1377 .
189 1308 251 1393 sit,
269 1306 440 1383 constitui
456 1312 649 1403 nequeunt.
702 1305 819 1389 Quare
832 1304 901 1378 hoo
917 1309 1061 1378 tuntum
1071 1307 1294 1382 nobiscurae

24 1468 61 1516 3.
186 1434 259 1515 est,
277 1428 522 1505 utostendsre
539 1427 1294 1527 studeamusquanamreoriatrmortaque

48 1620 57 1650 ‚
193 1548 310 1647 qualis
326 1547 430 1621 nobis
447 1571 524 1622 sese
540 1547 717 1621 ostendat.

235 1668 291 1742 Ao
324 1668 617 1763 conjunctionum
649 1667 807 1763 quidem,
840 1690 950 1763 quam
982 1668 1022 1741 in
1049 1668 1130 1742 aliis
1162 1669 1296 1767 linguis

30 1809 46 1881 ·,
191 1788 412 1863 admiramur
436 1789 587 1884 copiam,
613 1787 742 1883 quibus
767 1789 910 1885 singula
941 1812 1104 1885 quaeque
1135 1792 1294 1887 cogitata

186 1932 299 1981 unum
315 1908 474 2001 efficiunt
499 1913 664 1981 ettotam
679 1906 719 1981 in
736 1908 887 1981 rusios
901 1907 1027 2005 lingua
1041 1912 1176 1983 trustra
1190 1936 1296 2008 quae-

24 2080 39 2121 ,
192 2027 333 2103 siveris.
385 2027 620 2101 Haeoautem
631 2020 753 2126 inopia
769 2052 812 2102 eo
827 2028 977 2115 tollitur,
995 2029 1091 2125 quod
1104 2030 1298 2107 Gerundiis

193 2148 345 2221 utuntur
357 2147 641 2245 Partioipiisque,
660 2172 751 2245 quae
776 2148 923 2244 quidem
947 2173 1060 2245 quum
1083 2152 1171 2225 satis
1196 2152 1299 2226 varia

191 2269 268 2343 sint
277 2275 314 2341 et
325 2267 550 2366 multiplicia,
563 2292 635 2341 non
647 2269 767 2341 minus
777 2268 945 2343 distinete
955 2269 1076 2342 omnia
1087 2275 1125 2343 et
1134 2272 1297 2347 ordinate

192 2384 306 2463 oeulis
323 2387 425 2485 quasi
441 2394 655 2484 proponunt.

244 2510 334 2583 Inde
351 2509 514 2581 oriuntur
529 2508 695 2604 ingentes
722 2531 812 2605 quas
840 2508 986 2597 dixeris,
1010 2510 1184 2607 nobisque
1213 2512 1298 2589 huic

194 2628 364 2725 loquendi
396 2628 526 2703 rationi
559 2653 630 2703 non
654 2628 812 2702 adsuetis
839 2630 999 2703 maxime
1029 2631 1234 2729 implicatas
1261 2641 1300 2707 et

199 2754 380 2821 tortuosae
404 2748 552 2845 periodi,
579 2771 732 2844 quarum
756 2772 829 2820 una
857 2750 1015 2824 alterave
1047 2758 1174 2825 totam·
1195 2777 1300 2851 saepe

191 2868 366 2966 paginam
381 2867 518 2965 implet,
537 2892 609 2964 qua
630 2874 796 2942 extrema
805 2868 951 2943 demum
964 2870 1123 2945 Verbum
1139 2875 1300 2970 sequitur

191 2988 287 3084 quod
305 2986 428 3061 omnia
444 3012 567 3084 regere
584 2986 737 3061 videtin.

244 3108 341 3193 Quae
359 3108 481 3183 omnia
497 3108 560 3205 qui
577 3106 720 3205 cognita
736 3106 900 3183 habetet
921 3120 1107 3209 perspecta
1132 3138 1205 3187 non
1232 3117 1299 3191 mi-

191 3228 342 3316 rabitur,
357 3230 453 3326 quod
466 3227 646 3303 Infinitivi
662 3235 700 3302 et
711 3227 905 3326 Partioipia
913 3232 1029 3327 magis
1046 3256 1153 3330 quam
1169 3236 1208 3307 in
1224 3236 1300 3309 uila

191 3348 264 3422 alia
274 3349 479 3445 linguarum
489 3348 1300 3430 familiaadNominumnumerumreferuntur

196 3466 491 3564 frequentiusque
513 3474 549 3541 et
566 3468 734 3543 audacius
762 3492 846 3543 cum
876 3471 1126 3567 pronominum
1159 3474 1299 3551 suffixis

193 3612 414 3685 ossuumque
432 3588 745 3663 terminationibus
761 3589 1036 3685 conjungrmtur.
1115 3595 1160 3667 Id
1202 3598 1298 3693 quod

127 3734 128 3740 ¹
194 3710 377 3782 nonnullis
389 3708 566 3804 exemplis
576 3708 755 3785 illustram
765 3708 1059 3807 hiomihiaptum
1068 3737 1144 3788 esse
1154 3716 1298 3793 videtur

197 3835 236 3903 et
253 3830 434 3903 idoneum.

246 3948 400 4023 “stent
424 3950 544 4022 bostar
561 3950 631 4022 Isim
657 3947 713 4021 dir
741 3948 828 4045 days
849 3951 926 4023 suot
942 3950 1071 4052 edidjels
1087 3953 1296 4051 ogtullnrum

194 4072 252 4145 dir
268 4072 429 4159 remissf’
447 4073 472 4145 i.
492 4098 525 4147 e.
545 4096 657 4146 senex
674 4071 823 4169 quinam
846 4079 943 4161 sunt,
968 4075 1128 4165 dioendo,
1146 4076 1295 4155 interro-

194 4216 284 4290 gans
300 4194 368 4268 filii
384 4192 458 4269 mei
474 4199 569 4279 sunt,
583 4192 689 4267 dixit.
