3050 4867
698 397 744 471 11

161 600 315 689 riumlur,
341 600 438 675 inter
462 623 501 673 se
527 599 601 671 sint
625 596 884 695 componenda,
910 614 1069 693 quanam
1101 590 1277 667 relatione

161 722 418 807 connectenda,
426 743 545 817 quave
555 719 694 793 ratione
704 718 945 816 respondeant
953 716 1086 791 mentis
1095 714 1275 788 humanae

161 842 383 939 cogitationi,
401 848 444 913 ut
459 840 582 939 paucis
597 839 738 913 dicam:
770 844 892 935 partes
906 836 1080 911 orationis
1095 840 1182 910 sunl
1197 858 1276 931 spe·

162 964 328 1041 candae

212 1083 340 1181 Neque
366 1106 453 1159 vero
476 1081 568 1155 mihi
588 1079 768 1179 proposui,
785 1078 832 1152 de
848 1084 926 1153 lota
940 1079 1086 1174 linguae
1103 1074 1277 1151 Turcioas

161 1205 336 1281 disserere
354 1203 600 1302 grammatico,
618 1208 660 1273 ut
677 1224 792 1273 unum
815 1200 984 1295 quidque,
1009 1198 1107 1294 quod
1130 1197 1171 1271 in
1196 1220 1277 1293 per·

164 1326 345 1399 mutandis
371 1331 408 1399 et
441 1321 703 1419 conjungendis
727 1320 902 1395 orationis
934 1320 1097 1416 partibus
1126 1316 1277 1414 reperiri
1302 1350 1310 1364 ‘

161 1447 278 1542 possit
292 1445 472 1542 peculiare
489 1468 531 1517 ac
551 1442 736 1541 proprium
758 1442 966 1537 explanare,
987 1441 1052 1515 sed
1072 1464 1117 1513 ea
1132 1446 1278 1513 tantum

162 1590 355 1663 exponere,
373 1566 502 1661 quibus
518 1564 700 1661 imprimis
717 1563 863 1658 linguae
886 1561 1059 1634 Turcicae
1075 1560 1215 1633 indoles
1241 1565 1281 1631 et

164 1686 315 1761 interior
333 1692 505 1783 appareat
520 1692 662 1757 natura.

216 1806 274 1877 Ao
298 1807 457 1900 primum
481 1806 628 1901 quidem
653 1828 766 1900 quum
790 1803 896 1878 nobis
918 1804 1114 1877 videndum
1131 1803 1190 1889 sit,
1207 1826 1281 1899 quo

166 1924 276 1998 mado
298 1924 481 1997 orationis·
497 1930 618 2021 partes
642 1925 845 1998 formentur
860 1948 903 1997 ac
919 1924 1116 2010 varientur,
1133 1923 1281 1995 initium

164 2044 348 2141 cupiamus
365 2068 509 2118 necesse
526 2050 617 2117 esta
633 2044 801 2130 Nomine,
819 2069 934 2141 quum
946 2045 1120 2130 Verbum,
1135 2044 1173 2117 id
1180 2044 1280 2141 quod

163 2172 289 2261 postea
313 2164 528 2252 videbimus,
556 2164 663 2241 certis
685 2165 904 2261 quibusdam
928 2164 1078 2261 syllabis
1102 2164 1235 2238 additis
1259 2188 1282 2236 e

169 2286 327 2362 Nomine
344 2286 491 2362 oriatur.

214 2404 240 2479 J
240 2430 311 2492 am,
331 2406 361 2479 si
377 2406 596 2502 quaerimus,
614 2430 773 2502 quanam
790 2406 829 2479 in
846 2430 886 2479 re

620 2594 830 2671 NOMINIS

164 2790 237 2864 sita
253 2787 302 2861 sit
317 2786 468 2873 indoles,
488 2810 561 2883 qua
578 2784 774 2858 Turcicum
796 2781 930 2857 idioma
952 2783 998 2859 ab
1015 2784 1107 2873 aliis,
1124 2812 1158 2860 e.
1178 2814 1212 2885 g.
1232 2790 1287 2861 ab'

163 2908 483 3007 Indogermanieis‚
509 2906 662 2993 differat,
688 2906 781 2980 haec
806 2906 967 2980 maxime
986 2910 1156 2981 videntur
1180 2934 1278 2983 ccm-

165 3029 410 3105 memoranda.

215 3150 344 3224 Radici
356 3170 473 3245 neque
486 3148 733 3245 praefiguntur
741 3148 967 3221 formationis
976 3151 1148 3247 syllabae,
1160 3176 1279 3249 neque

164 3270 240 3343 nlla
257 3268 495 3365 grammatica
507 3276 669 3341 mutatur
681 3268 947 3356 terminatione,
961 3294 1079 3367 neque
1092 3294 1175 3345 cum
1188 3294 1279 3347 voce

164 3390 244 3486 ipso
258 3390 311 3463 ila
328 3389 505 3474 coalescit,
518 3394 559 3461 ul
571 3412 685 3461 unum
698 3390 865 3485 idemque
874 3390 974 3487 quasi
989 3392 1122 3465 efficiat
1133 3416 1276 3489 corpus.

166 3507 283 3592 Quare
307 3510 353 3584 de
378 3533 466 3581 vera
489 3508 646 3583 flexione
671 3516 709 3583 et
733 3511 976 3584 declinatione
1010 3514 1174 3608 quaestio
1198 3538 1277 3587 esse

165 3630 303 3726 nequii,
321 3630 383 3705 sed
399 3630 474 3703 sola
491 3629 622 3727 ubique
636 3640 692 3705 est
708 3632 889 3718 adhaesio,
903 3654 1081 3728 nusqmm
1098 3634 1275 3709 cohaesio.

163 3748 366 3824 Perimulae
396 3750 574 3849 quaedam
607 3756 648 3823 ui
676 3774 780 3824 casus
807 3758 846 3826 et
872 3753 1050 3849 pluralem
1082 3776 1277 3831 numerum

162 3868 383 3968 exprimant,
399 3870 658 3957 terminationi,
685 3870 912 3959 adduntur,
937 3875 1127 3950 incorum
1152 3884 1277 3951 aulem

161 3991 245 4065 loco
260 4014 331 4065 non
349 4000 542 4088 ponuntur.
594 3991 686 4065 Inde
698 3992 812 4065 etiam
824 3993 1009 4090 explicatu
1018 4001 1075 4068 est
1083 3997 1200 4085 focile,
1212 4022 1279 4072 cur

161 4112 203 4185 in
219 4110 353 4209 lingruis
370 4110 565 4187 Tauricis
580 4114 665 4188 illae
680 4113 877 4211 particulae
895 4116 1083 4190 scribendo
1098 4124 1176 4191 tam
1193 4144 1277 4194 aum

163 4232 277 4307 verbo
293 4232 566 4330 conjungantur,
584 4256 692 4330 qmm
710 4236 904 4332 separatim
921 4245 1157 4334 apponanter.
1207 4242 1278 4326 Qui
