3050 4867
721 390 771 465 a?

190 590 383 665 siderando
405 588 510 663 nobis
533 588 741 677 obveniant,
765 596 1044 689 praetereamus,
1066 614 1181 687 quum
1201 588 1298 665 null

190 710 415 795 conducant,
431 710 528 806 quod
542 710 667 807 magni
679 711 825 807 lingrae
841 711 1014 785 Turcicae
1028 712 1078 785 sit
1091 712 1282 787 menti.

244 830 375 902 Finem
390 831 502 926 igitur
516 831 745 927 imponamus
760 831 858 917 huic,
882 856 976 927 quae
994 832 1041 905 de
1066 832 1193 907 sumis
1206 833 1297 929 agir,

192 949 377 1025 caninae
392 958 431 1023 et
445 951 568 1047 panus
583 950 701 1025 adhuc
717 951 765 1023 ad
776 951 950 1027 Tumicae

622 1296 870 1373 SYNTAXIS

186 1618 347 1693 indolem
362 1642 429 1689 nos
445 1620 712 1689 convertamus.

237 1740 359 1813 Etiam
384 1736 479 1810 hanc
503 1734 675 1807 Turoicae
700 1732 956 1828 grammaticae
967 1742 1121 1831 portem,
1138 1758 1232 1833 quae
1246 1736 1294 1809 ad

187 1857 370 1956 Syntaxin
393 1860 543 1951 spectat,
568 1852 831 1947 investigantes
849 1876 911 1924 eas
929 1856 1072 1948 regulas
1092 1854 1293 1941 mittamus,

187 2004 280 2077 quae
314 2002 363 2051 ex
393 1974 570 2051 cmiversis
603 1972 769 2046 oriuntur
792 1971 918 2067 logicis
945 1973 1085 2069 legibus
1110 1982 1148 2049 et
1175 1978 1294 2077 magis

189 2100 356 2172 minusve
371 2096 507 2193 linguis
529 2116 735 2168 communes
752 2099 836 2165 sunt
851 2092 1028 2167 omnibus.
1080 2095 1134 2167 lla
1150 2121 1293 2195 quoque

186 2226 466 2317 praetereamus,
483 2240 574 2312 quae
591 2214 744 2287 'l'urcica
759 2212 884 2307 lingua
899 2212 1078 2307 possideat
1099 2217 1292 2309 peculiaria

187 2340 250 2412 vel
266 2362 349 2412 cum
375 2336 498 2434 paucis
516 2342 661 2408 tantum
682 2332 817 2429 linguis
838 2334 1053 2420 communia,
1077 2334 1139 2407 sed
1162 2337 1295 2435 quibua

183 2460 307 2532 minus
322 2457 461 2530 indoles
477 2456 553 2551 ejus
578 2462 760 2553 appareat.
828 2452 930 2527 Haec
953 2455 1028 2527 sola
1047 2452 1108 2528 hic
1133 2458 1293 2531 conside·

182 2588 319 2665 rentur,
330 2601 422 2674 quac
435 2576 606 2649 Tuccicae
623 2574 768 2671 linguae
783 2574 927 2671 propria
942 2582 1037 2660 simt,
1054 2581 1092 2647 et
1107 2601 1200 2671 quae
1209 2603 1292 2653 eam

187 2724 211 2772 a
226 2695 373 2795 reliquis
402 2696 569 2770 omnibus
599 2702 779 2791 separant,
809 2716 959 2789 eamque
988 2696 1143 2783 unicam,
1170 2705 1213 2769 ut
1239 2700 1294 2772 ita

184 2818 318 2905 dicam,
337 2818 391 2890 aui
409 2816 550 2914 generis
566 2814 802 2888 ccmetituunt.

233 2940 445 3033 Quicunque
464 2935 636 3011 Turcicae
653 2934 797 3030 linguae
811 2930 958 3027 ignarus
973 2958 1047 3008 non
1059 2944 1127 3022 eat,
1139 2939 1240 3010 nulla
1253 2966 1292 3013 re

184 3060 300 3156 magis
311 3056 500 3131 Tuccicam
513 3054 673 3151 linguam
687 3054 733 3126 ab
746 3051 826 3127 aliie
839 3054 976 3127 secerni
987 3057 1167 3141 concedet,
1180 3083 1290 3154 quam

184 3180 330 3277 propria
345 3178 539 3251 verborum
555 3172 788 3251 collocatione
805 3172 879 3248 cive
896 3172 1068 3249 Tureicae
1078 3176 1294 3253 inversionis

179 3302 322 3375 ratione
340 3307 376 3374 et
393 3298 662 3373 enuntiatorum
680 3302 871 3383 structura,
889 3319 961 3393 quo
977 3296 1183 3373 referendae
1208 3312 1294 3375 sunt

181 3420 454 3518 participiorum
473 3418 634 3493 maxime
651 3414 945 3491 constructiones.
997 3415 1149 3492 'l'urcica
1165 3423 1293 3496 verbo

187 3564 269 3615 rum
306 3541 503 3627 collocatio,
538 3564 629 3638 quae
663 3546 808 3614 nostrae
841 3538 1010 3636 loquendi
1043 3548 1081 3614 et
1113 3542 1291 3617 scribendi

185 3661 315 3734 rationi
341 3686 486 3760 prorsus
511 3660 689 3735 contraria
714 3666 771 3734 eat
795 3660 841 3734 ob
864 3682 1015 3757 eamque
1041 3683 1187 3736 causam
1208 3664 1291 3760 jure

182 3780 343 3855 inversio
354 3790 472 3877 potest
484 3780 674 3868 nominari,
686 3780 723 3853 in
742 3803 785 3853 eo
798 3780 914 3877 posita
926 3786 992 3867 est,
1007 3782 1102 3877 quod
1117 3784 1290 3859 Turcicae

185 3896 370 3995 proprium
387 3906 442 3971 est
458 3898 614 3996 linguae,
632 3904 673 3970 ut
696 3896 809 3971 soleat
833 3897 889 3970 cui
906 3897 996 3973 libet
1012 3898 1183 3975 orationis
1194 3905 1291 4001 parti

180 4018 290 4093 aliam
306 4018 505 4092 accuratius
517 4017 749 4093 definientem
767 4041 996 4114 praeponere,
1015 4018 1067 4092 ita
1083 4029 1124 4093 ut

230 4140 262 4213 Ι.
290 4138 508 4236 adjectivum
535 4140 760 4215 mbstantivo
790 4140 1042 4235 praemittatur
1075 4167 1107 4215 e.
1136 4169 1171 4237 g.
1202 4142 1291 4214 “blr

179 4258 283 4357 gazei
300 4264 377 4332 eo.’'
