3050 4867
735 388 786 464 al

205 594 390 673 adverbiis
406 598 536 667 notant
552 592 613 666 vel
639 590 833 687 separatim
860 587 1024 686 apposito
1049 588 1225 663 reflexivo
1241 612 1323 685 pro·

204 719 365 802 nomine,
401 716 463 789 vel
492 712 728 787 auxiliaribus
762 712 885 784 verbis
919 711 1137 807 significant,
1173 712 1325 783 Turciee

203 862 338 934 magna
354 861 401 911 ex
419 846 521 933 parte
535 835 587 907 ita
600 834 870 930 exprimuntur,
886 839 926 905 ut
936 833 1134 928 peculiares
1147 832 1326 927 quaedam

207 960 368 1055 syllabae
380 956 490 1029 radici
501 955 570 1052 ipsi
583 955 838 1051 adjungantur,
852 955 984 1049 quibus
996 954 1034 1025 id
1047 953 1142 1049 quod
1155 978 1244 1050 opus
1256 963 1324 1040 est,

207 1081 429 1177 designatur.
484 1079 663 1175 Tempora
689 1102 761 1173 quc
787 1076 895 1148 modo
920 1076 1017 1148 inter
1033 1100 1073 1149 se
1089 1077 1268 1164 differant,
1287 1075 1326 1151 in

205 1204 327 1277 Verbo
346 1203 497 1276 Turoico
514 1200 601 1275 satis
628 1206 794 1273 accurate
820 1198 1065 1293 distinguitur,
1092 1199 1330 1274 nihilominus

207 1352 317 1423 quam
345 1323 613 1421 simplicissima
629 1330 684 1395 est
701 1320 949 1405 conformatio,
968 1328 1010 1392 ut
1026 1320 1199 1397 minimae
1215 1320 1328 1396 etiam

207 1464 339 1521 eorum
360 1454 493 1543 partes·
510 1444 648 1541 possint
664 1443 831 1528 discerni,
848 1468 963 1538 quum
981 1466 1124 1537 semper
1139 1444 1215 1516 fere
1231 1468 1328 1517 com-

207 1576 390 1666 ponantur
405 1592 426 1640 e
443 1566 633 1663 participio
647 1572 685 1638 et
698 1566 877 1659 Tempore
890 1564 959 1658 ipsi
971 1564 1213 1659 respondente
1226 1566 1330 1638 verbi

210 1689 399 1763 auxiliaris
411 1688 567 1760 “clarck''
580 1696 684 1784 (esse,
699 1685 807 1779 fieri).
861 1685 1074 1757 llocautem
1087 1685 1331 1781 participium,

208 1811 330 1908 prouti
356 1832 538 1906 praesens,
566 1806 803 1903 praeteritum
829 1813 892 1877 aut
918 1807 1082 1877 futurum
1108 1817 1250 1903 tempus
1275 1818 1334 1881 est

208 1931 456 2015 indicandum,
482 1926 683 2024 praesentis
700 1925 886 2021 praeteriti
903 1935 958 1997 est
975 1926 1216 2023 participium,
1236 1930 1333 2024 quod

208 2076 325 2149 neque
336 2050 442 2136 Casu,
456 2073 523 2122 nec
537 2026 696 2121 Numero
708 2070 776 2119 nec
790 2046 948 2117 Persona
957 2052 1128 2133 mutetur,
1152 2051 1333 2143 quamvis,

214 2174 311 2271 quod
328 2171 532 2269 apponitur,
551 2170 705 2243 verbum
723 2166 900 2241 auxiliare
917 2166 1096 2240 flectatur.

264 2296 361 2367 Pura
386 2292 628 2389 cujuscunque
654 2288 767 2362 Verbi
792 2288 970 2383 primitivi
995 2288 1102 2360 radix
1127 2314 1269 2386 semper
1294 2295 1334 2366 in

217 2411 442 2507 Imperativo
476 2415 635 2506 apparet,
672 2407 733 2503 qui
765 2406 827 2477 ita.
853 2406 1029 2479 formatur
1054 2414 1096 2479 ut
1128 2410 1336 2485 terminatio

213 2529 406 2605 Infinitive
419 2529 563 2627 propria
581 2527 704 2599 “mels'’
724 2527 786 2599 vel
804 2526 934 2619 “malr’'
952 2525 1134 2621 rejiciatur
1146 2536 1185 2601 et
1196 2531 1336 2626 reliqua

213 2652 409 2737 immutata
426 2650 663 2725 retineantur.
677 2634 679 2641 ¹
717 2627 785 2720 Cui
802 2645 1017 2741 Imperativi
1030 2648 1167 2721 formae
1179 2653 1335 2745 particu.

215 2773 284 2860 lae,
321 2796 413 2868 quae
447 2768 493 2845 ad
526 2770 608 2843 illas
643 2792 750 2864 supra
784 2775 1083 2841 commemoratas
1113 2772 1337 2847 conditiones

216 2878 471 2991 significandas
496 2882 601 2988 aptae
620 2880 725 2976 ¹sunt,
752 2880 822 2985 ipsi
848 2889 973 2961 statim
988 2888 1205 2985 junguntur.
1230 2894 1337 2979 -Quo

216 3016 312 3087 facto
328 2995 507 3085 Infinitivi
524 3010 641 3083 forma
659 3008 855 3081 seeundum
881 3009 1062 3081 vocalium
1088 3011 1338 3087 assimilanda·

219 3108 482 3231 rum'reg'ulam
499 3130 632 3203 iterum
649 3126 855 3227 apponitur.
885 3115 889 3124 ¹

268 3234 340 3327 Hic
358 3235 449 3327 mihi
466 3240 642 3338 omnium,
661 3273 753 3347 quae
771 3251 839 3324 hoe
855 3251 964 3324 modo
980 3252 1059 3326 fieri
1082 3264 1232 3349 possunt
1248 3257 1338 3331 Ver.

218 3376 348 3449 borum
375 3396 518 3467 genera,
545 3370 707 3465 iudicem.
728 3396 928 3475 proponere
952 3372 1071 3459 liceat,
1098 3375 1337 3472 quiquidem,

222 3514 440 3589 quamquam
457 3492 496 3565 in
513 3490 613 3565 omni
630 3492 778 3565 meliore
804 3491 951 3587 linguae
967 3493 1140 3568 Turcieae
1158 3522 1338 3593 gramma-

224 3613 294 3687 tica
309 3612 460 3712 reperiri
476 3613 593 3699 debet,
612 3620 650 3686 et
661 3594 705 3685 'in
723 3619 801 3686 tota
817 3611 1014 3692 formarum
1027 3616 1189 3691 doctrina
1208 3620 1337 3715 jucun.

221 3733 407 3809 dissimum
423 3730 629 3809 etmairime
643 3734 915 3809 memorabilem
927 3743 1069 3830 partem
1082 3737 1201 3828 efficit,
1214 3748 1338 3816 tamen

221 3858 261 3931 in
297 3854 421 3931 multis
455 3840 702 3954 grammaticis
732 3880 838 3953 aegre
871 3856 1104 3931 desideratur.
1157 3860 1339 3939 Ponamus

220 3979 333 4075 igitur
346 3979 500 4067 verbum
517 3977 703 4052 “halmala''
722 3963 1168 4076 (observare).'—Infinit.
1198 3984 1338 4060 Aetivi.

220 4086 741 4199 talmatl'·‘1mperat'.¹“tat”
759 4098 957 4199 (observa).
1069 4191 1072 4197 ¹
