3050 4867
748 379 795 456 20

327 740 427 757 ψ..-
452 700 498 773 aa
525 698 735 774 vannum
761 696 1109 775 ranorouu.
1157 641 1178 755 s

212 959 448 1025 transeamus.
461 986 512 1005 -ψ
525 946 634 1044 Cujus
646 948 899 1021 formationem
910 946 941 1018 si
952 946 1151 1019 accuratius
1163 946 1333 1019 volumus

211 1071 403 1167 explicare,
422 1068 626 1141 dolendum·
634 1092 852 1163 magnopere
880 1073 946 1152 est,
973 1067 1070 1161 quod
1094 1092 1181 1150 non,
1209 1067 1265 1139 uti
1289 1066 1334 1137 in

210 1191 505 1265 “declinatione'’
525 1190 646 1261 virum
663 1188 838 1263 habemus
854 1187 1096 1259 clarissimum
1112 1188 1328 1272 Schottium,

210 1309 273 1409 qui
299 1310 398 1383 viam
424 1309 528 1383 nobis
554 1308 721 1403 praeivit,
750 1309 813 1380 sed
838 1308 949 1393 omni,
984 1332 1076 1403 quae
1106 1308 1334 1406 extrinsecus

210 1430 348 1516 veniat,
369 1454 436 1524 ope
456 1450 578 1500 sumus
603 1428 779 1499 destituti.

262 1550 438 1634 Quamvis
456 1556 578 1621 autem
596 1548 687 1619 mihi
701 1549 740 1620 in
757 1547 932 1642 ejusmodi
949 1549 1056 1622 rebus
1073 1548 1182 1623 tironi
1210 1548 1271 1619 via
1286 1546 1336 1622 sit

158 1676 159 1679 ’
212 1671 417 1767 aperienda,
446 1694 488 1741 eo
516 1679 637 1741 tamen
663 1694 722 1740 me
749 1669 923 1755 consolor,
951 1670 1048 1763 quod
1074 1670 1235 1744 Verbum
1249 1668 1335 1746 illis

213 1792 485 1867 difficultatibus
519 1814 592 1861 non
627 1789 814 1883 premitur,
850 1790 889 1861 in
927 1815 1016 1885 quas
1055 1816 1122 1863 nos
1151 1790 1332 1867 ‚Nominis

215 1912 410 2011 explicatio
431 1912 567 1985 intulit.
621 1912 774 1983 Accedit
803 1919 990 2006 praeterea
1013 1913 1053 1983 in
1079 1913 1193 1987 Verbi
1215 1911 1335 2007 expli·

216 2034 323 2109 candi
335 2034 461 2107 formis
472 2032 827 2127 summajucunditas
837 2057 881 2103 ac
894 2032 1084 2104 delectatio
1098 2058 1182 2107 cum
1194 2057 1335 2112 summa

216 2156 446 2253 simplicitate
464 2154 665 2249 conjuncta,
685 2153 721 2225 in
740 2176 811 2247 quo
829 2153 989 2225 maxime
1004 2154 1176 2227 Turcicae
1187 2156 1336 2251 linguae

220 2276 338 2351 virtus
355 2276 586 2371 conspicitur.
640 2274 766 2369 Neque
784 2274 883 2345 enim
900 2274 941 2346 in
956 2276 1156 2348 formarum
1173 2276 1338 2360 multitu,-

216 2397 301 2475 dine
326 2403 364 2471 et
389 2396 566 2468 varietate
592 2394 797 2490 quaerenda
822 2401 878 2465 est
903 2421 990 2469 vera
1014 2396 1164 2491 alicujus
1191 2396 1337 2492 linguae

218 2517 387 2614 dignitas,
407 2518 469 2591 sed
487 2516 527 2589 in
545 2542 587 2589 eo
606 2517 724 2612 potius
742 2516 922 2610 ponenda,
943 2518 1038 2612 quod
1065 2519 1139 2591 illis
1157 2539 1338 2613 gramma-

218 2639 311 2713 tiae
325 2637 449 2711 formis
462 2637 650 2733 ingenium
666 2637 811 2732 linguae
829 2636 1047 2732 exprimitur
1063 2639 1338 2735 subtilioresque

219 2758 323 2855 quasi
339 2758 529 2831 notionum
544 2757 769 2831 differentiae
781 2758 834 2829 ita
847 2758 1107 2853 significantur,
1126 2767 1178 2845 ut,
1194 2784 1287 2857 quae
1298 2760 1339 2835 in

220 2864 352 2954 formis
363 2887 418 2953 est
435 2880 549 2975 copia,
568 2879 711 2973 linguae
729 2878 884 2951 virtutes
901 2903 1070 2973 superare
1087 2888 1254 2977 nequeat.
1277 2922 1289 2955 ·,

265 3000 393 3075 ¹Verba
410 3000 556 3096 quidem
574 3023 686 3095 aeque
713 3022 754 3073 ao
780 3000 939 3073 Nomina
964 3007 1208 3090 unotautum
1229 3000 1341 3076 modo

222 3127 493 3217 permutantur3
513 3129 558 3197 at
576 3127 702 3193 contra
718 3122 855 3194 formae
871 3121 918 3192 ab
945 3121 990 3195 iis
1010 3124 1232 3208 derivantur,
1250 3144 1342 3218 quae

221 3239 336 3313 uthis
354 3241 502 3313 vocibus
519 3247 611 3326 utar,
629 3265 703 3313 non
727 3240 962 3318 existentiam
988 3242 1161 3327 actionis,
1178 3244 1260 3338 ejus
1271 3244 1340 3314 im-

221 3360 508 3456 possibilitatem.
536 3360 721 3457 passivam
749 3360 1060 3455 significationem,
1078 3364 1338 3448 causalitatem,

221 3481 497 3557 retroactionem
531 3488 569 3555 et
604 3482 947 3576 reciprocationem,
966 3507 1076 3578 quam
1109 3483 1193 3559 ficri
1218 3488 1339 3578 potest

222 3601 488 3698 simplicissime
522 3608 560 3674 et
590 3600 875 3677 luculentissime
909 3604 1133 3699 exprimunt.
1195 3604 1266 3680 Sed
1297 3605 1341 3679 m

221 3722 335 3796 Verbi
360 3722 472 3795 etiam
497 3722 617 3795 indole
643 3722 875 3818 explananda
899 3750 973 3798 non
1000 3726 1142 3819 singula
1175 3748 1342 3825 quaeque.

219 3842 448 3927 enumerabo,
464 3842 526 3914 sed
539 3866 582 3925 ea
596 3844 681 3929 sola,
696 3844 827 3939 quibus
840 3846 886 3916 ab
899 3845 981 3916 aliis
993 3845 1195 3917 Turcarum
1203 3845 1340 3923 idioma

219 3963 389 4049 abscedat
406 3962 551 4058 linguis,
570 3963 607 4035 in
630 3963 746 4037 lucem
775 3966 968 4061 proferam.
1022 3964 1120 4048 Quae
1144 3964 1343 4042 omniahis

218 4084 342 4179 paucis
362 4090 513 4179 possunt
526 4084 727 4179 complecti:
777 4104 780 4109 ·
1194 4097 1198 4103 ·
1282 4154 1286 4163 ,

271 4205 514 4291 Conditiones
542 4204 672 4301 quibus
698 4205 793 4278 actio
818 4206 872 4293 fir,
900 4232 990 4303 quas
1015 4212 1160 4281 nostrae
1194 4202 1342 4301 linguae
