3050 4867
710 435 733 509 7

168 640 249 715 esse
264 636 403 735 nequit.
456 634 618 732 Linguae
642 641 820 708 structura
836 632 915 707 sive
938 633 1074 707 formae
1098 652 1276 730 gramma-

169 762 265 834 ticas
290 781 497 853 earumque,
524 779 597 852 quo
621 755 889 851 conjunguntur
921 754 1047 825 modus
1066 753 1198 825 summi
1222 755 1279 824 est

171 877 360 952 momenti.
412 878 459 948 11
488 875 556 947 hac
585 874 684 947 enim
713 874 809 946 inest
831 873 987 967 linguae,
1015 878 1056 943 ut
1080 872 1132 943 ita
1147 872 1277 957 dicam,

172 1021 298 1075 succus
314 1004 353 1071 et
367 997 524 1093 sanguis,
538 1018 651 1091 quum
661 994 729 1067 hac
739 994 818 1090 ipsa
828 994 979 1065 interior
991 993 1137 1087 linguae
1149 998 1280 1063 natura

171 1128 212 1195 et
226 1120 365 1194 indoles
382 1116 631 1214 conspiciatur.
675 1115 719 1187 Id
729 1114 825 1211 quod
838 1114 999 1210 pluribus
1011 1137 1107 1187 nunc
1117 1112 1283 1209 persequi

171 1242 342 1317 conabor.

225 1363 382 1434 Multum
393 1360 494 1431 ‘inter
505 1358 583 1431 sola
595 1356 772 1429 vocabula
784 1361 822 1428 et
834 1356 969 1427 formas
981 1354 1153 1427 interesse
1166 1377 1284 1449 gram-

172 1483 325 1553 maticas
359 1481 427 1552 vir<
462 1484 518 1551 est
548 1502 610 1550 cur
638 1499 819 1561 moneam,
851 1500 963 1570 quum
993 1475 1110 1547 omnis
1141 1474 1284 1569 generis

172 1603 361 1687 vocabula,
380 1624 423 1672 ea
439 1601 561 1685 etiam,
579 1622 671 1694 quae
689 1597 734 1668 ad
752 1601 867 1668 certus
884 1594 1058 1690 quasdam
1082 1619 1139 1666 res
1164 1618 1285 1666 neces-

174 1724 271 1794 saria
288 1728 382 1807 sunt,
402 1719 546 1791 aliunde
563 1719 656 1790 sumi
673 1726 810 1791 etcum
827 1716 919 1789 alius
932 1715 1115 1811 eujusdam
1140 1715 1285 1809 linguae

175 1842 367 1913 vocabulis
389 1839 586 1935 permutari
611 1841 758 1933 possint,
785 1863 913 1911 norma
937 1846 1070 1923 autem,
1089 1837 1286 1910 secundum

175 1984 289 2057 quam
306 1960 447 2055 singula
463 1960 637 2033 vocabula
661 1960 757 2031 inter
783 1984 820 2032 se
846 1965 910 2030 aut
933 1957 1198 2053 conjungimtur
1222 1962 1287 2028 aut

175 2080 459 2177 distinguuntur,
479 2070 611 2177 quippe
629 2104 722 2176 quae
747 2078 894 2174 ingenio
920 2102 962 2151 ac
989 2084 1137 2151 naturae
1163 2076 1287 2173 pepuli

174 2188 281 2295 quasi
297 2197 496 2284 inhaereat,
514 2197 657 2293 integra
674 2205 822 2270 maneat
838 2204 876 2270 11
892 2196 1039 2270 intacta.
1082 2196 1205 2289 Atque
1218 2193 1287 2266 hoc

175 2318 325 2415 quidem
351 2318 469 2391 omnis
497 2318 660 2389 omnium
685 2317 892 2413 linguarum
918 2315 1070 2389 historia
1084 2339 1153 2387 nos
1168 2314 1285 2401 docet,

176 2463 271 2537 quae
285 2440 458 2512 vocabulo
471 2437 697 2533 adjiciuntur,
711 2439 857 2523 formas,
870 2438 1065 2511 secundnm
1076 2460 1165 2533 quas
1176 2435 1288 2507 variis

177 2557 218 2629 in
241 2556 328 2631 locis
353 2556 453 2630 varie
482 2556 595 2651 possit
623 2556 798 2643 adhiberi,
823 2556 975 2628 alienari
1004 2582 1079 2629 non
1107 2562 1288 2652 passast

177 2682 325 2749 tantum
354 2676 489 2764 abesse,
515 2684 557 2749 ut
585 2676 652 2750 has
682 2676 808 2773 lingua
836 2676 992 2763 abiiciat,
1023 2683 1064 2749 11
1096 2674 1218 2748 dirimi
1250 2682 1289 2749 et

177 2795 296 2893 perire
322 2795 501 2883 maluerit,
527 2818 638 2896 quam
667 2797 760 2869 ferre
790 2794 1008 2869 mutationes
1035 2796 1085 2868 ab
1110 2796 1191 2868 aliis
1220 2796 1289 2869 sibi

176 2914 378 3013 impositas.
431 2912 483 2988 Ut
504 2914 684 2987 elementa
700 2914 868 3011 quamvis
884 2913 1015 3002 aliena,
1032 2938 1126 3012 quae
1142 2938 1289 2989 omnem

179 3036 358 3135 populum
370 3040 511 3107 mutare
525 3034 721 3121 minantur,
735 3034 886 3121 irruant,
900 3041 941 3106 11
957 3032 1155 3131 peregrinis
1171 3058 1289 3130 neque
1434 3095 1437 3100 ,

179 3178 341 3251 unquam
369 3158 478 3229 antea
506 3154 637 3228 auditis
666 3153 786 3235 lexica
817 3161 1025 3251 turgescant
1053 3161 1290 3250 tumeantque

178 3274 377 3363 uocabulis,
404 3275 641 3374 grammatica
666 3276 811 3374 propria
836 3281 962 3349 manet
985 3283 1023 3349 11
1049 3281 1233 3372 perpetua,
1250 3281 1290 3347 et
1401 3325 1403 3328 -

179 3395 327 3469 unicum
355 3418 460 3493 saepe
489 3404 546 3471 est
574 3396 791 3493 perfugium,
817 3395 857 3467 in
882 3395 979 3491 quod
1007 3394 1131 3492 populi
1156 3400 1290 3468 natura

181 3518 291 3611 propa
308 3514 427 3588 deieta
443 3516 632 3593 incolumis
648 3516 761 3614 possit
776 3516 954 3590 recedere.

230 3631 291 3707 Sia
317 3634 467 3723 Arabes,
493 3658 713 3733 quamquam
746 3660 812 3733 per
844 3634 1070 3733 octingentos
1102 3658 1217 3708 annos
1248 3634 1290 3707 in

180 3752 361 3848 Hispania
374 3755 586 3853 regnabant,
604 3781 650 3831 ne
667 3757 785 3831 hilum
800 3756 946 3853 quidem
964 3754 1163 3853 Hispaniae
1180 3759 1289 3852 atque

181 3870 393 3947 Lusitaniae
423 3875 680 3971 grammaticae
714 3876 834 3949 delere
870 3881 1077 3972 potirenmt.
1128 3874 1289 3960 Quorum

180 3996 368 4085 vocabula,
387 4020 479 4095 quae
495 4000 535 4073 in
547 4007 737 4097 utramque
747 4000 911 4097 linguam
922 3999 1155 4087 1111111111,
1168 4023 1290 4073 nonne

181 4117 367 4215 hucusque
400 4116 539 4192 atienae
572 4120 720 4218 originis
753 4120 910 4218 speciem
944 4144 1035 4218 prae
1066 4144 1106 4195 se
1138 4120 1288 4195 ferunt?

180 4236 302 4323 Quid?
328 4239 1290 4339 quodmagnusecrumnumeruscumarticuleetiam
