3050 4867
802 395 850 472 28

325 598 376 673 11.
405 598 616 675 adverbium
631 598 753 686 verb0,
772 624 804 673 e.
825 624 861 696 g.
890 614 913 647 ⁶‘
926 596 1119 694 torcat-eyn·
1133 596 1239 671 homil
1258 596 1399 671 ccliv-‚²⁹

259 702 261 707 ¹
324 718 395 793 III.
424 718 615 795 Genitivus
631 720 713 793 voci
728 719 793 793 abs
809 742 881 817 qua
904 719 1052 815 regitur,
1077 741 1109 793 e.
1137 744 1172 815 g.
1205 717 1391 791 “tobauin

239 838 417 937 ,ogtluss'

326 960 392 1032 IV.
413 959 602 1056 Objeotum
613 960 743 1046 Verbo,
755 983 867 1057 quum
877 958 1015 1056 objecto
1024 958 1395 1057 praepositoeffectus

275 1080 376 1153 verbi
388 1080 511 1154 statim
521 1082 624 1157 nobis
637 1089 818 1179 appareat,
836 1080 1055 1177 quotendat,
1072 1104 1105 1153 e.
1124 1105 1160 1176 g.
1180 1096 1203 1127 ‘⁶
1214 1080 1257 1151 bu
1270 1078 1393 1152 marni
1470 1135 1471 1138 ,

276 1202 452 1276 oldardtss’
662 1259 672 1311 t
1470 1223 1471 1230 ¹

326 1318 373 1396 V.
401 1323 623 1396 Vocabulum
640 1324 699 1397 vel
716 1321 906 1408 sententia,
920 1343 1012 1419 quae
1029 1346 1052 1393 a
1062 1320 1273 1419 pronomine
1290 1322 1391 1395 rela-
1470 1367 1471 1408 p

275 1442 353 1515 tivo
370 1444 511 1539 pendet,
530 1443 615 1518 huic
627 1444 697 1542 ipsi
714 1444 929 1541 pronomini,
949 1443 1121 1538 quoniam
1138 1442 1393 1515 eademinter-

273 1562 368 1635 cedit
383 1563 519 1650 relatio,
534 1548 625 1660 quae
642 1572 698 1637 est
713 1566 809 1637 inter
822 1563 1088 1636 substantivum
1102 1569 1140 1637 et
1155 1562 1391 1658 adjectivum,

274 1704 306 1754 e.
326 1707 361 1777 g.
384 1697 406 1728 “
418 1682 570 1757 elimati
586 1683 726 1781 titium
1470 1679 1471 1692 ¹

326 1802 391 1877 VI.
421 1802 583 1875 Verbum
607 1828 630 1877 a
649 1802 912 1900 praepositione
933 1810 1086 1890 rectum,
1113 1803 1387 1899 praepositioni.

275 1920 386 1995 Initio
414 1922 524 2009 enim,
543 1931 583 1996 ut
611 1946 719 2020 supra
740 1923 819 2019 jam
845 1923 1220 2009 commemoravimus,
1238 1946 1389 2021 praepo-

276 2040 424 2115 sitiones
452 2043 677 2117 substantiva
698 2045 847 2117 fuerunt
864 2049 902 2117 et
921 2043 1148 2129 vocabulum,
1170 2043 1265 2139 quod
1286 2066 1387 2141 rege·

275 2161 376 2247 bant,
405 2162 575 2237 Genitivo
600 2187 687 2237 casu
711 2163 941 2237 adsciverunt
966 2184 1183 2259 quamquam
1222 2160 1290 2234 hoc
1313 2186 1387 2236 non

177 2281 182 2287 ’
276 2306 417 2379 semper
433 2284 547 2356 forma
564 2308 774 2381 expressum
783 2288 849 2369 est,
868 2307 900 2356 e.
920 2308 955 2379 g.
984 2297 1007 2330 “
1022 2304 1113 2354 occa
1129 2282 1285 2356 itctua.''

327 2402 413 2476 VII.
442 2404 646 2476 Pronomen
663 2402 906 2499 possessivum
922 2401 985 2489 rei,
1011 2426 1103 2497 quae
1120 2404 1330 2499 possidetur,
1348 2428 1382 2477 e.

178 2583 181 2592 .
277 2548 312 2619 g.
334 2522 472 2595 “becim
488 2524 638 2596 bucam

329 2642 430 2715 Haec
443 2648 564 2717 autem
575 2645 804 2731 consuetudo
821 2644 1015 2718 secundum
1028 2667 1136 2739 quam
1146 2645 1284 2718 Turoae
1296 2668 1379 2729 rem,

279 2785 352 2857 qua
374 2762 461 2858 quid
486 2764 656 2837 definitur
673 2764 899 2838 definiendae
915 2769 1154 2861 praeponunt,
1178 2788 1251 2836 non
1268 2765 1380 2837 obser·

279 2887 397 2969 vatur,
422 2884 453 2957 si
481 2886 657 2958 vocabula
684 2885 830 2959 Persica
858 2891 896 2957 et
925 2885 1082 2958 Arabica
1109 2884 1272 2959 Genitivi
1287 2885 1377 2957 vices

279 3003 457 3090 obtinent,
492 3011 571 3078 tum
604 3006 703 3079 enim
736 3006 815 3079 vim
847 3028 951 3079 suam
980 3012 1153 3080 exercent
1180 3006 1270 3077 duae
1295 3004 1378 3076 istae

170 3160 210 3196 't
279 3122 436 3220 linguae,
465 3125 627 3199 Genitivi
652 3132 778 3199 notam
803 3150 877 3199 non
902 3125 1050 3214 habent,
1079 3126 1142 3199 sed
1158 3124 1377 3211 vocabulum,

282 3244 378 3340 quod
406 3244 565 3318 Genitivi
589 3246 707 3319 locum
733 3252 893 3342 occupat,
912 3245 1150 3341 postponitur,
1168 3268 1200 3316 e.
1220 3271 1256 3341 g.
1285 3245 1381 3316 “imi

282 3366 453 3450 uebatot'',
473 3380 495 3411 “
507 3366 572 3437 eur
586 3367 729 3441 telum.''

334 3484 417 3559 Una
449 3492 593 3559 tantum
622 3495 677 3559 est
710 3509 824 3582 eaque
857 3508 946 3559 vera
986 3486 1083 3558 illius
1125 3483 1379 3559 consuetudinis

283 3606 449 3701 exceptio
474 3608 686 3703 pronomina
711 3606 790 3679 dico
808 3606 946 3693 suffixa,
966 3622 988 3652 “
1002 3606 1169 3691 bodom’',
1199 3604 1376 3688 “badura'',

286 3726 453 3821 “ogtlu.''

334 3846 415 3921 Scio
441 3846 608 3942 equidem
634 3872 749 3945 neque
775 3874 868 3945 nego
893 3851 1009 3923 multa
1033 3872 1092 3921 me
1117 3846 1177 3921 hic
1211 3846 1372 3930 omisisse,

282 3989 373 4062 quae
398 3967 443 4039 de
468 3968 606 4041 ratione
631 3968 887 4043 vocabulorum
912 3969 952 4041 in
966 3970 1094 4065 lingua
1115 3968 1266 4043 Turcioc
1281 3966 1375 4040 collo

282 4086 478 4159 candorum
490 4087 561 4161 dici
578 4092 753 4184 poterant,
768 4089 831 4162 sed
840 4113 952 4183 quum
964 4114 1008 4163 ea
1019 4096 1162 4165 tantum
1178 4090 1217 4161 in
1226 4088 1371 4162 medium

286 4207 443 4300 proferre
460 4208 648 4294 voluerim,
666 4206 795 4305 quibus
817 4207 961 4303 linguae
984 4209 1122 4284 indoles
1144 4207 1374 4307 perspiciatur,
