3050 4867
750 388 799 463 14

219 590 375 668 videtur.
427 591 477 665 Et
500 592 660 687 profecto
685 592 781 686 apud
815 591 910 685 ipsos
943 588 1198 667 Mandehnieos
1230 598 1338 688 poste·

218 714 412 812 positivam
423 712 628 785 invenimus
638 711 739 783 illam
747 691 1009 807 particulamin
1023 714 1210 808 “aingga’'‚
1220 736 1324 809 quae,

217 837 287 910 etsi
312 856 508 929 numquam
535 832 706 905 Genitivo
730 832 907 904 inserviat
930 832 1176 927 signifioando,
1201 839 1325 907 tamen

217 978 301 1028 oum
319 954 482 1030 Genitivi
499 952 674 1048 particula
691 955 782 1023 “at''
801 954 919 1024 forma
933 960 1030 1027 certe
1045 954 1227 1027 eonvenit.
1257 952 1326 1029 Oui

217 1075 417 1171 partioulae
440 1076 619 1169 “oiagge''
647 1072 876 1146 hauddubie
909 1072 1044 1146 inerat:
1072 1076 1226 1171 “aiag.'’
1277 1075 1324 1147 In

216 1195 342 1292 lingua
366 1195 465 1268 enim
490 1193 746 1266 Mandsehuioa
771 1194 986 1265 vocabulum
1009 1195 1050 1266 in
1065 1194 1205 1269 litteras
1222 1196 1322 1292 “ng''

215 1316 317 1390 exire
333 1315 474 1411 nequit:
502 1321 648 1412 propter
673 1312 769 1409 quod
794 1315 998 1410 asperitatis
1013 1316 1185 1389 vitandae
1201 1339 1330 1391 nausea

215 1436 340 1509 mitius
357 1436 509 1511 reddens
523 1435 662 1531 syllaba
681 1438 773 1530 “ge''
788 1434 871 1507 huie
886 1439 1036 1531 “oiog‚’'
1055 1437 1258 1533 apponitur,
1271 1436 1325 1509 ita

215 1564 257 1629 ut
282 1556 426 1653 propria
452 1556 556 1651 hujus
584 1554 685 1628 verbi
712 1556 828 1627 forma
854 1555 911 1627 sit:
951 1559 1161 1653 “sturiga''
1207 1558 1325 1642 de

214 1676 494 1751 Mandehuieum
512 1676 700 1771 “oirrgge‚”
720 1674 862 1747 etiamsi
874 1696 1073 1771 numquam
1083 1677 1323 1750 demonstrari

213 1798 336 1894 possit,
363 1796 409 1869 ad
435 1796 647 1870 Genitivum
672 1795 950 1890 exprimendum
973 1797 1083 1870 firisse
1107 1798 1323 1884 adhibitam,

213 1926 335 1991 tamen
356 1916 434 2012 jam
460 1916 601 2008 sufficit,
628 1916 787 2002 scivisse,
812 1915 851 1988 id
875 1917 1007 2011 ipsum,
1032 1942 1147 2014 quum
1170 1920 1331 1992 relativo

214 2038 472 2113 Mandsehuioa
497 2038 621 2132 lingua
646 2044 765 2110 eareat
790 2039 1012 2132 pronomine,
1039 2039 1192 2111 relativo
1217 2062 1324 2113 semu

213 2160 301 2257 poni
322 2165 403 2255 post
428 2158 613 2253 adjectiva:
644 2160 733 2253 “qui
743 2162 885 2244 est-,''
914 2158 1006 2255 “qui
1031 2164 1206 2251 sunt-53²³
1223 2183 1322 2255 erg.

215 2279 446 2353 “Oolkhirei
469 2278 638 2351 khodoon
664 2280 787 2374 aiogge
812 2280 868 2364 be,
894 2302 1044 2376 mergen
1061 2282 1187 2366 sembi3
1212 2283 1332 2356 sara-i

214 2400 370 2474 farkhon
387 2401 533 2494 oingge
552 2400 607 2485 be,
625 2400 896 2473 mentookhoon
913 2402 1039 2488 sembi,
1057 2402 1082 2474 i.
1101 2426 1135 2475 e.
1153 2402 1333 2478 disoendo

213 2521 329 2595 facilis
366 2519 460 2617 qui,
489 2518 715 2616 ingeniosum
741 2520 904 2605 dicimus3
931 2522 1075 2595 sciendo
1113 2524 1327 2597 nummatus

212 2641 307 2740 qui,
325 2640 507 2736 stupidum
517 2640 681 2714 dicimus.
723 2640 788 2739 (cs.
803 2664 827 2711 a
856 2641 1146 2731 Gabelentz,
1163 2644 1328 2720 Elam

213 2762 252 2835 a
268 2762 304 2834 la
322 2759 530 2833 Grammnire
549 2759 768 2846 Maadcloae,
787 2770 803 2854 t
819 2762 904 2836 178.
924 2786 1006 2859 pag.
1025 2763 1105 2858 89.)

264 2882 426 2961 Genitivi
452 2889 573 2956 autem
599 2890 738 2971 natura,
765 2907 878 2979 quum
909 2885 951 2975 in
979 2886 1233 2961 relatione
1265 2889 1333 2985 (ln

214 3005 345 3080 intima
360 3004 518 3078 nominis
535 3028 618 3077 eum
634 3004 781 3079 nomine
798 3005 1063 3101 conjunctione)
1080 3008 1264 3092 consistat,
1274 3009 1332 3086 ob·

214 3150 366 3223 eamque
391 3150 469 3199 rem
494 3124 657 3223 proxime
681 3126 825 3199 accedat
841 3126 887 3198 ad
904 3150 1098 3222 pronomen
1115 3126 1323 3217 relativum,

216 3248 263 3320 ab
279 3247 347 3320 hae
363 3246 461 3319 illius
479 3246 659 3341 “tinge’'
678 3244 937 3341 significatione
952 3245 1116 3319 Genitivi
1128 3254 1215 3319 nota
1231 3250 1322 3323 rur-

214 3366 282 3441 οἱοί
300 3368 418 3464 (sing)
435 3365 534 3439 ducit
552 3365 741 3461 originem.

266 3487 382 3561 Notae
398 3486 524 3560 Dativi
541 3485 683 3560 Tureiei
707 3490 792 3559 sunt
802 3510 825 3557 a
841 3490 903 3583 (a),
919 3510 967 3582 yn
982 3490 1068 3583 (ys),
1085 3492 1124 3561 et
1138 3487 1322 3561 interdum

216 3631 358 3706 quoque
372 3608 451 3703 glan,
474 3605 710 3680 Mandchuiee
733 3606 784 3691 de,
810 3606 1012 3703 Mangoliee
1040 3608 1218 3707 imprimis
1244 3610 1323 3699 dar,

215 3732 416 3825 praeterea:
435 3724 480 3798 da
496 3726 579 3824 (de),
597 3724 671 3812 deo,
690 3750 722 3811 o,
740 3748 769 3797 ι.

266 3846 375 3944 Apud
392 3846 578 3943 Mongolos
594 3851 631 3919 et
648 3845 871 3921 Mandehuos
886 3848 1064 3944 particula
1093 3865 1116 3897 “
1126 3851 1203 3938 de,''
1222 3850 1321 3923 “da”

216 3966 444 4043 adDativum
453 3965 653 4041 notandum
662 3967 854 4041 adhibetur
862 3968 1177 4065 quidem,sedn0n
1188 3971 1322 4059 minus,

216 4089 329 4165 immo
345 4089 555 4185 plerumque
571 4088 634 4177 ita,
645 4094 687 4161 ut
703 4088 975 4187 praepositionis
991 4089 1131 4166 vicibus
1138 4094 1330 4189 fingam„

214 4233 239 4283 a
271 4208 398 4285 Turris
430 4216 555 4287 matra
587 4234 662 4285 non
694 4209 765 4285 nisi
793 4211 1069 4307 praepositionis
1092 4212 1204 4287 habet
1230 4212 1318 4289 vim.
