3050 4867
796 406 822 480 8

253 608 417 683 Arabum
442 606 584 695 coaluit,
611 628 719 703 quem
748 632 867 681 errore
895 608 994 683 ducti
1023 636 1088 708 pro
1116 612 1229 711 ipsius
1256 618 1358 695 vocis

250 738 353 827 parte
371 727 571 801 habuerant
586 727 797 801 necessaria.
849 729 975 825 Neque
1000 734 1116 829 magis
1140 736 1353 829 Normanni,

248 850 416 948 quamvis
432 872 515 921 cum
533 848 662 943 Anglis
677 848 729 919 ita
746 849 972 937 coaluissent,
986 860 1028 927 ut
1043 878 1156 927 unum
1173 858 1354 934 efficerent

247 974 433 1071 populum,
465 970 639 1068 impedire
666 978 870 1067 potuerunt,
902 974 1094 1069 quominus
1121 980 1357 1073 grammatica

248 1096 405 1194 Anglica
435 1095 617 1191 propriam
644 1092 896 1166 Germanicam
925 1094 1084 1168 indolem
1113 1109 1353 1176 conservaret.

249 1216 384 1303 Quibus
414 1213 648 1300 documentis,
679 1214 886 1309 multisque,
917 1239 1008 1310 quae
1038 1215 1177 1305 omitto,
1207 1220 1288 1294 aliis
1314 1221 1352 1295 id

246 1345 385 1410 certum
412 1334 455 1406 fit
481 1356 522 1405 ac
552 1333 833 1427 comprobatum,
860 1335 956 1429 quod
982 1359 1090 1433 supra
1115 1336 1206 1425 dixi,
1232 1364 1351 1435 gram·

245 1456 415 1529 maticam
444 1476 535 1550 quae
565 1452 707 1549 propria
736 1452 880 1547 linguae
907 1454 980 1525 sint
1004 1463 1041 1528 et
1064 1464 1248 1551 perpetua,
1266 1484 1350 1533 con·

245 1599 399 1662 servare,
416 1597 533 1669 neque
549 1572 634 1657 ullo,
649 1571 718 1667 qui·
727 1571 952 1644 extrinsecus
965 1573 1079 1661 venit,
1093 1575 1232 1672 impetu
1245 1604 1349 1674 posse

244 1694 474 1771 commoveri.
533 1694 655 1787 Atque
697 1690 749 1764 sic
781 1692 834 1777 fit,
868 1700 909 1764 ut
942 1692 1010 1764 hac
1042 1693 1121 1790 ipsa
1153 1698 1349 1775 tenacitate

244 1818 403 1913 singulas
419 1814 625 1909 lingrarum
642 1810 800 1883 familias
816 1811 1008 1908 disjungat.
1060 1815 1086 1887 J
1086 1839 1147 1887 am
1162 1823 1285 1912 ‘quum
1300 1844 1350 1894 ex

242 1938 299 2010 his
316 1961 407 2033 quae
424 1932 784 2007 commemoravimus
800 1934 966 2006 omnibus
991 1934 1136 2030 linguae
1160 1938 1347 2033 cujusdam

241 2065 458 2132 structuram
486 2053 577 2125 nihil
607 2052 705 2123 aliud
739 2074 815 2124 esse
848 2051 918 2125 nisi
947 2077 1124 2142 normam,
1154 2082 1226 2153 qua
1252 2060 1348 2155 quod

240 2179 438 2275 cogitamus
467 2173 725 2270 exprimamus,
757 2179 864 2267 atque
894 2172 1057 2246 ordinem
1087 2200 1156 2271 quo
1186 2178 1347 2275 singulas

238 2298 408 2373 orationis
421 2303 541 2393 partes
553 2293 794 2389 disponamus,
809 2300 990 2388 appareat,
1006 2319 1117 2389 quum
1129 2296 1220 2370 illud
1232 2300 1343 2372 etiam

237 2420 362 2517 negari
378 2442 451 2489 ncn
476 2414 588 2512 possit
613 2436 719 2509 supra
745 2412 953 2500 indicatum,
972 2414 1108 2488 hancce
1126 2423 1342 2493 structuram

236 2566 310 2614 non
345 2540 460 2612 solum
493 2535 531 2606 in
566 2558 641 2607 sese
678 2532 862 2605 continere
894 2534 1039 2630 linguae
1072 2536 1242 2624 indolem,
1277 2539 1343 2611 sed

236 2661 388 2735 eandem
402 2680 514 2754 paene
528 2680 604 2729 esse
617 2678 626 2741 ;
654 2678 751 2725 nunc
766 2677 943 2749 quaenam
955 2654 994 2726 in
1008 2655 1208 2729 Turcarum
1218 2657 1345 2757 lingua

233 2778 321 2855 insit
335 2779 483 2863 indoles,
501 2776 607 2849 liceat
624 2798 814 2871 exponere.

283 2902 383 2973 Haec
394 2906 516 2970 autem
529 2896 654 2991 lingua
666 2918 779 2990 quum
789 2894 838 2965 ad
850 2916 932 2966 eam
946 2893 1152 2992 linguarum
1163 2898 1342 2973 familiam

232 3002 422 3121 pertineat,
435 3042 525 3113 quae
536 3015 722 3089 Tartarica
731 3021 890 3101 vocatur,
899 3040 974 3087 non
985 3017 1187 3090 absrcesse
1197 3020 1345 3094 videtur

232 3143 406 3241 quaedam
422 3139 481 3212 hic
506 3138 550 3210 de
568 3136 753 3210 Tartarica
776 3134 987 3231 linguarum
998 3137 1136 3209 familia
1153 3137 1339 3231 subjiceres

231 3261 291 3337 Ab
316 3262 421 3334 initio
453 3283 586 3332 nomen
620 3256 854 3329 Tartarorum
888 3254 1148 3351 significatione
1174 3256 1337 3327 adhiberi

229 3385 377 3462 solitum
405 3364 472 3456 est
512 3379 674 3466 arctiore,
702 3402 814 3475 quum
838 3376 940 3452 fortis
974 3377 1150 3472 quaedam
1185 3378 1335 3470 Mongo-

228 3507 348 3581 lorum
378 3530 477 3601 gens,
511 3524 604 3598 quae
629 3499 668 3571 in
702 3496 1016 3592 Tchingis-Khani
1051 3494 1340 3593 expeditionibus

227 3626 387 3725 primum
395 3645 525 3717 agmen
535 3620 702 3701 efficeret,
714 3616 781 3688 hoc
791 3615 936 3687 nomine
947 3616 1198 3711 appellaretur,
1211 3622 1337 3711 postca

226 3770 354 3821 omnes
365 3726 643 3835 omnino'populi
660 3736 722 3833 qui
735 3736 913 3831 Mongolis
924 3744 987 3807 aut
999 3735 1106 3807 amici
1116 3741 1154 3807 et
1164 3735 1261 3822 socii,
1271 3740 1338 3807 aut

227 3862 379 3963 subjecti
395 3866 525 3946 essent,
543 3858 595 3931 sic
605 3856 677 3928 dici
690 3880 850 3953 coepere.
894 3856 1025 3928 Nostro
1042 3861 1165 3928 autem
1173 3862 1338 3951 tempora

227 3984 373 4085 propria
386 3977 644 4077 significatione
669 3976 811 4074 perdita
835 3998 975 4049 nomen.
993 3980 1134 4049 tanturn
1159 3981 1331 4081 superest,

227 4092 390 4211 idque'in
406 4102 549 4198 Europa
565 4098 680 4197 magis
697 4122 806 4195 quam
823 4096 968 4171 in'Asia
983 4102 1121 4183 notum,
1144 4093 1336 4168 latissimo-

229 4250 298 4326 que
312 4240 417 4300 sensu
430 4228 627 4322 acceptum.
671 4218 1120 4297 Nuncenimomnesillae
1133 4216 1342 4289 Turcarum

1501 633 1505 766 l

1494 829 1505 1388 l
