3050 4867
733 420 757 495 5

190 627 393 723 praecepta,
411 628 487 695 -aut
510 622 665 717 denique
697 618 856 720 propter
869 623 1142 719 grammaticam
1166 628 1205 696 et
1220 626 1299 719 ety-

190 745 385 840 mologiam
410 745 517 818 hasce
542 743 684 839 linguas
709 750 865 817 tractare
889 744 1061 840 jubeant'l
1115 744 1300 828 Quaenam

190 890 300 961 opera
332 866 419 939 scite
453 866 665 959 literateque
698 866 897 960 perscripta
929 866 970 939 in
1002 866 1133 961 populo
1157 865 1238 937 rudi
1262 870 1300 937 et

190 1008 334 1080 prorsus
351 984 489 1059 inculto
513 981 699 1079 prodiere'.l
766 984 835 1067 Qui
860 985 1008 1059 tandem
1031 991 1134 1058 tanto
1157 986 1300 1079 linguas

191 1128 312 1178 amore
330 1103 499 1199 amplecti
515 1104 660 1198 poteris,
679 1127 771 1198 quae
788 1104 948 1178 moribus
970 1104 1124 1176 istarum
1137 1104 1300 1199 gentium

192 1222 329 1317 asperis
346 1219 584 1297 conveniunt?
1137 1300 1140 1307 ,

241 1339 327 1415 Jam
352 1366 464 1437 quum
490 1342 627 1414 Turcae
654 1339 816 1414 omnium
850 1366 941 1435 quae
967 1347 1103 1413 terram
1137 1340 1300 1413 incolunt

188 1462 351 1557 gentium
368 1462 528 1535 maxime
545 1460 687 1535 barbari
705 1468 742 1534 et
755 1462 822 1533 vix
836 1461 1025 1534 hominum
1040 1463 1185 1535 nomine
1199 1460 1300 1557 digni

187 1579 401 1668 habeantur,
427 1583 655 1655 mirabuntur
672 1587 779 1667 certe,
807 1582 839 1653 si
863 1582 944 1676 quis
968 1583 1013 1677 de
1038 1583 1170 1655 litteris
1194 1580 1299 1677 hujus

188 1702 322 1795 populi¹
337 1701 489 1797 aliisque
514 1702 652 1797 ingenii
678 1700 844 1797 operibus
869 1701 981 1773 verba
997 1702 1096 1787 facit,
1114 1701 1174 1773 vel
1203 1700 1299 1796 quod

189 1819 304 1914 majus
321 1826 387 1907 est,
405 1823 636 1893 omnemfere
646 1820 762 1893 vitam
772 1844 899 1895 eorum
909 1822 1053 1917 linguae
1070 1821 1299 1893 dedicaturus

187 1942 257 2009 est.

238 2052 413 2129 Libenter
429 2057 595 2145 concede,
614 2081 742 2155 parum
760 2056 897 2131 habere
909 2058 1108 2131 Turearum
1125 2057 1300 2159 linguam,¹

184 2176 283 2271 quod
308 2176 451 2250 allicere
477 2201 542 2249 nos
567 2178 681 2273 possit
705 2178 751 2249 ad
776 2202 857 2250 eam
882 2178 1177 2273 cognoscendam,
1204 2179 1297 2251 addo

182 2296 296 2371 etiam
306 2296 487 2393 pleraque,
500 2321 592 2392 quae
603 2298 745 2384 habeat,
759 2322 808 2371 ex
819 2299 899 2371 aliis
910 2300 1057 2371 orientis
1068 2300 1298 2396 scriptoribus

182 2418 353 2491 suumin
387 2442 493 2491 usum
518 2420 739 2492 convertisse
751 2443 761 2505 3
801 2420 916 2492 nihilo
950 2420 1071 2491 minus
1105 2420 1207 2506 mihi,
1234 2420 1298 2516 qui

180 2542 258 2611 toto
284 2561 366 2612 eam
385 2538 506 2612 animo
531 2541 737 2635 amplector,
763 2562 839 2613 non
863 2540 1124 2638 desperandum
1141 2541 1295 2627 videtur,

182 2680 295 2751 quum
318 2658 454 2755 duplex
478 2660 569 2733 mihi
596 2661 645 2732 sit
670 2660 849 2732 solatium:
877 2662 1043 2747 alterum,
1070 2661 1165 2757 quod
1190 2661 1291 2747 alios,

181 2800 333 2873 quorum
369 2780 574 2853 auctoritati
614 2780 752 2875 aliquid
788 2780 1019 2853 tribuendum
1064 2787 1130 2867 est,
1167 2782 1295 2853 eodem

179 2922 301 2973 amore
327 2901 441 2975 teneri
469 2900 585 2986 video,
614 2901 771 2973 alterum
797 2901 943 2996 gravius
974 2900 1074 2985 illud,
1110 2900 1205 2994 quod
1232 2902 1294 2973 vel
1391 2959 1396 2971 .

180 3020 375 3093 adversarii
394 3020 485 3095 mihi
503 3021 700 3095 concedant
726 3044 871 3093 necesse
895 3027 962 3107 est,
978 3044 1055 3092 non
1080 3044 1124 3093 ea
1149 3027 1294 3092 tantum

180 3142 327 3213 tractari
348 3142 490 3229 debere,
509 3167 600 3237 quae
627 3143 705 3239 ipsa
731 3142 882 3239 prosint,
911 3141 972 3213 sed
999 3165 1045 3212 ne
1072 3164 1116 3211 ea
1147 3141 1293 3234 quidem

178 3260 405 3357 negligenda,
449 3288 499 3337 ex
538 3288 690 3359 quorum
725 3262 930 3358 cognitione
965 3260 1103 3354 aliquid
1138 3261 1184 3331 ad
1220 3262 1292 3335 alia

177 3382 364 3457 redundet.
414 3385 495 3459 Hoc
511 3392 635 3457 autem
653 3386 750 3457 inter
766 3408 892 3457 omnes
915 3389 1068 3468 constat,
1090 3381 1290 3455 Turcarum

179 3498 338 3598 lingnam
380 3507 537 3579 multum
579 3506 711 3579 habere
757 3529 946 3578 commune
993 3528 1077 3575 cum
1118 3504 1287 3576 Arabicis

178 3619 397 3723 Persicisque
407 3627 549 3713 litteris,
557 3633 597 3699 ut
608 3627 670 3723 qui
680 3626 745 3699 has
756 3626 955 3699 accuratius
964 3625 1055 3696 velit
1065 3648 1287 3719 cognoscere,

181 3739 223 3813 in
239 3741 340 3815 illam
355 3749 470 3821 fucere
488 3772 560 3821 non
576 3748 688 3845 possit
704 3748 790 3843 quin
816 3746 988 3841 inquirat.
1039 3745 1125 3817 Alia
1150 3745 1288 3822 accedit

180 3886 255 3935 non
297 3865 414 3941 minus
446 3870 576 3943 idonea
608 3890 742 3954 caussa,
783 3892 848 3940 cur
880 3868 960 3962 quis
993 3866 1087 3938 hane
1123 3867 1285 3963 linguam

174 4004 389 4079 cognoscere
414 3989 514 4075 velit,
542 3989 582 4061 in
606 4012 650 4061 eo
675 3988 803 4085 posita,
829 3986 925 4082 quod
941 3986 1107 4081 quamvis
1121 3987 1285 4058 nondum

171 4102 263 4177 satis
279 4104 377 4179 culta
393 4108 627 4204 omnibusque
644 4108 805 4181 numeris
822 4107 985 4181 absoluta
1003 4107 1113 4205 (quod
1134 4106 1282 4202 quidem

172 4222 219 4297 de
244 4225 493 4329 nullalingua
517 4229 589 4302 dici
615 4236 744 4327 potest,
771 4230 835 4305 sed
859 4254 942 4305 cum
967 4228 1048 4303 aliis
1068 4227 1281 4325 composita)
