3050 4867
786 388 809 460 4

243 587 330 685 quin
349 612 489 661 summo
505 610 612 685 opere
624 585 835 673 irascantur,
851 585 973 683 siquis
986 610 1046 659 eos
1061 586 1187 663 docere
1200 592 1365 667 voluerit
1494 625 1496 726 Ι

243 709 395 805 linguas,
423 710 551 805 quibus
576 714 734 794 utantur,
761 732 850 804 quas
875 709 1021 803 quidem
1046 734 1158 804 quum
1184 737 1249 807 pro
1274 714 1361 787 rudi

242 836 386 903 tantum
402 838 576 927 vastaque
601 830 696 902 mole
721 830 981 903 vocabulorum
1005 836 1043 902 et
1068 833 1274 927 regularum
1291 835 1359 907 ha-

241 952 362 1039 beant,
382 953 540 1025 elaboro
566 975 688 1025 rerum
713 950 888 1046 ejusmodi
913 951 1113 1023 accuratius
1138 976 1356 1049 cognoscen-

240 1072 366 1144 darum
380 1073 574 1145 abhorrent
591 1079 629 1145 et
640 1078 786 1169 tempus
799 1097 820 1143 a
833 1096 973 1145 summo
983 1073 1133 1145 numine
1146 1076 1192 1147 ad
1204 1064 1356 1172 meliora

239 1194 344 1267 nobis
360 1176 485 1288 datum
501 1200 617 1267 terere
634 1200 820 1289 tamquam
836 1199 1024 1290 peccatum
1044 1195 1200 1289 fugiunt.

292 1314 425 1397 Quodsi
442 1313 725 1411 quaesiverimus
743 1314 893 1408 quinam
918 1314 992 1386 sint
1016 1313 1158 1401 harum,
1177 1338 1265 1411 quas
1281 1317 1350 1400 mi-

241 1459 375 1522 ramur,
390 1436 651 1507 sententiarum
669 1439 843 1520 auctores,
861 1434 906 1505 ad
924 1435 1117 1530 profanum
1133 1460 1193 1509 eos
1208 1436 1347 1532 vulgus,

236 1556 330 1652 quod
355 1580 429 1627 non
455 1579 547 1650 quae
573 1554 734 1626 animum
759 1554 941 1627 delectent
965 1561 1198 1653 mentemque
1216 1558 1347 1652 colant,
1375 1649 1381 1653 ἱ

238 1676 300 1749 sed
317 1700 410 1771 quae
429 1676 503 1765 sola
514 1674 560 1745 ad
575 1674 690 1746 vitam
712 1674 986 1747 sustentandam
1011 1675 1115 1747 utilia
1133 1678 1216 1764 sint,
1235 1682 1348 1762 curat,

236 1802 345 1891 atque
365 1796 459 1869 hano
477 1795 622 1867 unicam
647 1794 851 1867 doctrinam
874 1796 1069 1892 praedicat,
1087 1798 1244 1895 reliquas
1265 1798 1349 1871 abo-

238 1918 409 2004 minatur,
424 1914 588 2012 quodque
607 1915 683 1988 sive
701 1916 847 2011 ignavia
860 1916 937 1989 sive
950 1917 1107 1989 stultitia
1119 1918 1348 2011 qualemcun-

237 2062 307 2133 que
333 2039 394 2111 vel
423 2037 617 2110 minimum
641 2036 802 2109 laborem
829 2037 1006 2108 detrectat
1032 2043 1071 2109 et
1087 2038 1214 2124 reiicit,
1230 2038 1348 2134 primo

239 2160 366 2241 obtutu
383 2158 586 2231 referendos
603 2180 680 2229 esse
694 2154 948 2250 intelligemus,
962 2161 1003 2227 ut
1020 2156 1101 2252 jure
1118 2163 1240 2230 nostro
1257 2159 1348 2254 ejus·

238 2279 336 2375 modi
353 2303 466 2374 nugas
483 2303 557 2350 non
575 2276 690 2349 solum
703 2300 778 2347 non
790 2276 1007 2363 refutandas,
1023 2277 1085 2350 sed
1097 2302 1144 2351 ne
1156 2279 1348 2376 respicien-
1379 2375 1382 2380 Ι

236 2404 311 2489 das,
329 2402 478 2497 quidem
495 2424 572 2473 esse
589 2398 729 2495 opinari
746 2379 950 2471 videamur..

257 2503 260 2509 ¹
284 2522 404 2595 Missis
422 2521 533 2616 igitur
557 2519 687 2591 horum
704 2518 1022 2591 detrectationibus
1039 2522 1085 2594 ad
1102 2546 1163 2595 eos
1178 2547 1244 2595 nos
1263 2548 1346 2596 con-

235 2648 430 2726 vertamus,
449 2664 601 2735 quorum
617 2638 766 2712 vocibus
795 2638 875 2733 plus
900 2638 1134 2713 tribuendum
1159 2644 1346 2741 magisque

236 2762 475 2835 obediendum
492 2761 647 2845 videtur,
665 2784 777 2854 quum
794 2783 867 2831 non
884 2783 990 2832 caeca
1006 2761 1161 2857 quadam
1177 2765 1346 2861 opinione

235 2907 360 2955 avero
376 2882 569 2967 declinent,
599 2880 660 2953 sed
677 2901 818 2952 caussas
841 2881 953 2952 etiam
978 2906 1109 2978 easque
1137 2908 1212 2957 non
1236 2885 1345 2978 plane

234 2982 513 3076 contemnendas
529 3002 724 3095 proferant,
744 3001 939 3073 secundum
957 3025 1045 3096 quas
1058 3004 1244 3074 nobiscum
1260 3024 1345 3072 con-

236 3124 368 3197 sentire
386 3128 579 3219 nequeant,
598 3121 696 3193 viros
713 3121 793 3193 dico
806 3122 965 3193 eruditos
977 3122 1212 3214 doctrinaque
1225 3124 1344 3197 excel-

234 3246 361 3331 lentes,
379 3244 442 3339 qui
460 3242 609 3315 summis
626 3242 666 3313 in
682 3240 823 3314 deliciis
839 3240 975 3312 habent
987 3241 1137 3325 litteras,
1149 3263 1343 3335 earumque

236 3366 354 3438 studio
378 3366 522 3461 penitus
550 3362 663 3436 dediti
685 3367 848 3434 veterum
876 3360 1010 3456 pariter
1037 3383 1079 3432 ac
1102 3361 1343 3435 recentiorum

234 3511 468 3583 quaecunque
495 3485 640 3581 ingenio
670 3488 707 3555 et
740 3483 897 3554 utilitate
931 3482 1180 3555 excelluerunt
1208 3483 1344 3579 scripta

234 3610 379 3682 unicam
395 3609 552 3703 ingenuo
568 3605 645 3678 viro
662 3605 812 3699 dignam
828 3608 958 3699 putant
975 3605 1210 3700 voluptatem.
1262 3604 1342 3678 Hos

231 3736 355 3803 autem
380 3728 477 3799 viros
507 3749 581 3797 non
609 3747 691 3796 raro
717 3748 801 3795 cum
826 3724 912 3810 illis,
931 3748 1021 3819 quos
1048 3749 1156 3821 supra
1182 3725 1272 3810 dixi,
1290 3725 1343 3796 ita

229 3854 325 3923 certe
343 3844 557 3929 consentire,
576 3848 617 3915 ut
633 3843 672 3915 in
690 3843 833 3939 linguas
847 3845 1011 3940 gentium
1027 3846 1148 3917 minus
1165 3846 1342 3917 cultarum

229 3992 376 4071 operam
405 3967 565 4039 conferre
595 3964 723 4050 nolint,
741 3965 847 4037 valde
876 3971 931 4038 est
955 3966 1161 4039 dolendum.
1217 3965 1342 4048 “Quid

232 4090 368 4175 cnim’'‚
387 4086 567 4183 inquiunt,
587 4087 680 4159 “ubi
693 4087 887 4175 inveneris,
901 4112 992 4184 quae
1005 4093 1041 4160 te
1054 4094 1118 4160 aut
1128 4092 1274 4183 propter
1286 4111 1343 4159 res

225 4210 414 4284 historicas
442 4214 505 4281 aut
530 4212 675 4305 propter
701 4209 897 4283 sententias
923 4208 1102 4305 graviores
1122 4207 1343 4303 vivendique
