3050 4867
723 392 771 465 19

186 596 310 667 tamen
324 598 365 665 ut
380 616 440 665 eas
456 614 530 665 nou
548 592 602 665 uti
615 617 680 665 nos
710 598 827 666 ante
844 590 1088 666 definiendum
1105 587 1303 686 subjeetum

185 720 336 809 ponant,
355 714 416 787 sed
433 722 546 810 post
561 713 763 810 subjectum
777 714 957 799 omuibus,
971 710 1101 809 quibus
1126 735 1215 807 opus
1232 718 1300 795 est,

189 835 306 906 modis
323 835 523 919 definitum,
543 856 614 931 qua
629 837 674 909 de
692 861 730 908 re
747 836 844 909 infra
865 836 1036 921 dicemus,
1062 834 1124 906 ubi
1149 833 1195 905 ad
1219 857 1304 929 syn·

186 955 291 1028 taxiu
310 957 594 1051 pervenerimus.
647 957 840 1051 Proprium
866 956 994 1028 Turois
1011 956 1206 1028 relalivum
1222 977 1303 1049 pro-

184 1100 319 1151 nomen
337 1084 393 1149 est
411 1094 433 1125 “
446 1076 540 1149 kira’'
559 1086 596 1152 et
616 1094 638 1125 “
651 1079 726 1164 lci'’,
744 1102 900 1173 quarum
925 1078 1078 1149 duarum
1105 1078 1304 1149 formarum

182 1198 373 1295 primitiva
383 1198 592 1273 hauddubie
604 1199 819 1272 fuit“lcim.’'
848 1198 1303 1295 Uigurioaeniminlingua

182 1342 231 1391 ex
265 1344 347 1415 qua,
382 1321 478 1415 quod
513 1321 687 1394 hodierno
713 1322 771 1393 die
799 1321 946 1407 habent,
973 1321 1139 1415 proxime
1168 1318 1304 1415 prodiit

185 1439 380 1513 Turoioum
412 1442 555 1527 idioma,
586 1442 702 1515 selum
731 1460 753 1489 ·“
766 1443 860 1515 leim''
891 1449 933 1513 ut
958 1442 1152 1514 relativum
1175 1440 1245 1512 fuit
1261 1440 1302 1513 iu

182 1584 261 1635 usu.
315 1563 508 1637 Praeterea
533 1565 631 1637 idem
657 1567 769 1638 etiam
795 1565 976 1661 signifieat
1000 1564 1095 1661 quod
1120 1564 1301 1637 Graecum

181 1702 381 1777 pronomen
394 1687 501 1771 “tia''
515 1688 594 1757 “ti''
609 1709 721 1781 quum
731 1687 979 1782 interrogandi
988 1687 1230 1759 etiameaussa
1238 1684 1300 1757 ad·

183 1798 393 1878 hibeature.
410 1832 444 1901 g,
459 1806 551 1877 “kim
558 1807 689 1901 geldi,''
702 1809 784 1902 quis
794 1806 923 1879 venit?
941 1809 1066 1880 etlooo
1076 1804 1301 1904 pronominis

184 1925 365 2001 indefiniti
401 1944 423 1975 “
438 1928 594 2024 aliquis''
632 1944 653 1976 “
668 1930 842 2025 quidam''
878 1936 1044 2025 ponatur,
1078 1930 1141 2001 ubi
1174 1936 1299 2003 tamen

180 2051 391 2124 terminatio
437 2066 460 2099 “
474 2052 533 2123 se'’
569 2051 628 2124 vel
663 2066 684 2097 “
700 2052 800 2122 eeae''
831 2051 994 2136 addatur,
1039 2075 1185 2124 neeesse
1220 2059 1296 2124 est:

180 2168 348 2241 “dimne'’.
403 2171 502 2254 Quae
521 2172 663 2267 syllaba
681 2188 703 2219 “
718 2174 777 2243 se''
797 2170 894 2243 idem
912 2177 1026 2243 estas
1044 2193 1140 2243 vox:
1171 2188 1193 2219 “
1207 2174 1295 2258 ἐπ”,

178 2312 289 2384 quare
316 2306 339 2337 “
354 2291 481 2363 kimsffl
500 2290 597 2364 idem
615 2293 710 2389 qued
729 2310 751 2341 “
766 2292 835 2364 lim
847 2294 921 2363 ise'’
954 2290 1034 2387 (qui
1051 2311 1192 2386 cunque
1209 2299 1294 2389 est).

178 2408 277 2493 Quae
291 2410 472 2485 indefiniti
482 2412 706 2509 pronominis
735 2428 756 2459 “
773 2413 866 2484 kinr’
879 2410 1095 2506 significatio
1109 2412 1294 2509 (“aliqui8,

177 2531 369 2630 quidam'')
404 2540 461 2607 est
495 2535 694 2629 primitiva.
760 2535 807 2606 In
837 2532 1043 2629 Mongoliea
1076 2533 1176 2606 euim
1207 2558 1298 2608 vooo

178 2652 303 2723 human
333 2652 486 2750 (homo),
512 2656 619 2727 radix
637 2660 694 2729 est
712 2672 734 2703 “
750 2654 866 2742 Μ’,
897 2655 994 2751 quod
1011 2655 1225 2750 primarium
1241 2656 1297 2728 vi·

178 2770 296 2859 detur,
311 2775 407 2867 quod
434 2790 457 2821 “
472 2775 606 2849 homo’'
635 2775 825 2873 significet,
853 2776 963 2849 fuisse
988 2776 1153 2860 verbum,
1172 2783 1298 2872 postea

175 2918 268 2968 vero
283 2894 477 2990 perditum.
547 2896 626 2981 Qua
638 2898 683 2969 de
700 2922 739 2970 re
757 2898 797 2969 iu
815 2897 994 2983 omnibus,
1021 2898 1084 2993 qui
1110 2897 1296 2971 Mahome-

174 3016 383 3090 danismam
401 3019 562 3113 amplexi
580 3024 675 3104 sunt,
695 3016 931 3090 Tartarorum
942 3017 1079 3113 linguis
1094 3015 1236 3092 nullum
1248 3019 1295 3092 ad

176 3135 419 3213 “hominem'’
439 3138 715 3235 significandum
742 3138 950 3211 invenimus
975 3138 1203 3226 vocabulum,
1232 3139 1295 3215 sed

174 3282 318 3355 semper
334 3259 493 3333 Arabica
510 3258 639 3358 (odam)
657 3266 810 3331 utuntur
822 3282 923 3331 voce.

225 3380 355 3453 Altera
371 3381 487 3454 ferma
505 3396 527 3427 “
543 3380 605 3454 lci'’
624 3405 644 3454 e
662 3380 809 3454 Persica
826 3381 986 3476 quidem,
1005 3403 1053 3454 ex
1071 3405 1143 3477 qua
1155 3380 1294 3455 Turoae

177 3502 293 3573 multa
323 3508 550 3595 aeceperunt,
582 3503 707 3599 lingua
733 3502 881 3575 videtur
914 3526 992 3575 esse
1010 3502 1188 3589 desumto,
1219 3527 1293 3576 non

175 3625 298 3691 tomen
309 3620 605 3694 ¹obliviscendum
618 3622 708 3695 illud
727 3619 814 3696 “lei''
829 3624 868 3695 in
882 3622 1088 3720 Mongoliea
1100 3623 1210 3697 etium
1224 3624 1293 3697 lin-

173 3762 245 3836 gua
277 3741 437 3836 reperiri,
473 3766 694 3840 quamquam
729 3752 921 3819 extensam
954 3743 1069 3832 illam,
1099 3744 1215 3842 'quam
1253 3745 1292 3817 in

172 3860 338 3946 Tureiea,
358 3862 631 3959 significationis
648 3889 722 3938 non
739 3864 852 3939 habet
867 3865 958 3940 vim.

223 3980 293 4057 Sed
311 3983 398 4056 satis
415 3984 459 4059 de
478 4004 500 4035 “
514 3985 853 4073 declinationibus''‚
873 3988 904 4060 si
921 3987 989 4059 hae
1002 4011 1091 4061 voce
1104 4011 1153 4059 ex
1165 3992 1290 4061 nostro

169 4104 347 4179 sermonis
360 4128 427 4179 usu
444 4106 500 4178 uti
518 4108 699 4193 volumus,
716 4106 794 4181 sive
812 4106 857 4179 de
874 4105 1043 4180 Nominis
1068 4107 1226 4181 flexione
1237 4148 1290 4161 —
