3050 4867
722 343 770 415 18

187 528 362 625 εἰπεῖν)
399 526 540 612 dicitur,
572 524 702 621 quibus
736 522 906 619 Kirgisae
937 519 1153 617 particulam
1194 515 1304 595 “ta’'

190 648 401 745 plerumque
418 647 640 743 adjungunt:
669 645 788 729 bizias,
805 645 924 717 sizler.
979 641 1058 743 (ῳΐ.Ι
1075 638 1308 733 Adelung

191 768 392 841 Mithrida.
421 768 525 841 Tom.
554 769 586 839 Ι.
616 767 698 839 Tat.
727 766 816 861 llgg.
846 765 947 847 Orat,
974 764 1129 857 domin.)
1182 758 1307 832 Tertio

190 914 344 987 persona
361 915 425 987 per
450 890 666 987 particulam
693 891 785 974 “o’',
813 903 836 933 “
850 887 920 972 ol'’‚
948 885 1010 957 sed
1035 884 1078 956 ari
1108 904 1308 981 pronomen

191 1012 433 1109 possessivum
468 1010 754 1107 significandum,
782 1009 913 1081 suffixa
938 1008 1061 1081 littera
1087 1006 1159 1077 “i''
1187 1000 1308 1098 expri-

191 1130 314 1217 mitur,
333 1132 428 1227 quod
451 1132 621 1205 convenit
647 1155 730 1203 oum
747 1130 987 1203 Mandohuico
1005 1145 1027 1174 “
1038 1129 1077 1197 i''
1098 1126 1157 1226 (is,
1172 1149 1225 1210 ea,
1239 1123 1305 1219 id),

191 1276 223 1325 e.
241 1279 275 1349 g.
289 1253 433 1340 [strab-1,
452 1253 643 1351 liborejus,
660 1252 972 1348 el-1‚manusejus.
1026 1248 1128 1333 Quod
1139 1246 1310 1320 suffixum

191 1373 303 1445 etiam
317 1375 376 1445 in:
398 1390 419 1421 “
431 1376 494 1447 ἐπ”
513 1382 550 1448 et
565 1392 586 1422 “
597 1377 679 1447 ria³⁹
693 1382 810 1473 potest
821 1374 975 1448 mutari:
995 1396 1027 1445 o.
1043 1393 1074 1441 c.
1090 1368 1309 1451 nitati-iae,

191 1494 284 1567 libro
301 1494 376 1591 ejus
395 1496 526 1594 (Dat),
540 1469 789 1582 Koch-iodea,
804 1496 896 1568 libro
921 1495 997 1591 ejus
1016 1492 1149 1589 (abt),
1167 1489 1307 1572 boto-si,

193 1620 297 1712 pater
324 1616 410 1712 ojus,
439 1616 679 1701 babo-sinoce,
716 1624 819 1712 patre
853 1609 941 1711 ejus.
996 1613 1148 1707 Propter
1181 1631 1312 1682 sonum

193 1743 339 1809 tantum
366 1737 607 1832 euphonicum
634 1738 703 1811 hoc
723 1741 800 1809 “a’'
827 1762 904 1811 esse
921 1736 1111 1820 insertum,
1129 1733 1197 1805 vix
1213 1728 1313 1802 credi

193 1863 324 1954 potest,
351 1882 463 1953 quum
488 1859 527 1931 in
553 1859 750 1932 Ablativo:
781 1858 934 1931 “iodea''
962 1858 1030 1931 hoo
1056 1856 1162 1953 plane
1188 1876 1311 1949 super-

193 2000 392 2052 vacaneum
410 1986 515 2055 essct.
568 1980 694 2075 Neque
712 1981 829 2077 magis
856 1996 878 2027 “
889 1981 932 2051 s''
948 1979 994 2051 ad
1011 1977 1153 2051 hiatum
1171 1975 1313 2047 evitan-

195 2097 283 2171 dum
308 2123 460 2195 usquam
485 2101 525 2173 in
552 2100 705 2173 Turcioa
729 2100 855 2195 lingua
870 2098 1068 2171 invenitur.
1123 2096 1240 2179 Quam
1265 2095 1312 2167 ob

196 2244 353 2307 causam,
371 2228 413 2292 ut
429 2221 613 2295 Schottius
632 2222 802 2320 (Verruci
818 2221 897 2292 aber
914 2221 967 2293 die
987 2219 1109 2292 Tutor.
1125 2217 1311 2312 Sproclren,

197 2363 280 2436 pag.
302 2342 366 2437 62)
384 2342 564 2438 opinatur,
583 2343 742 2415 maxime
760 2342 904 2439 probari
920 2346 1051 2439 potest,
1079 2339 1109 2411 si
1135 2360 1313 2435 supporta

198 2486 291 2549 mus,
305 2462 415 2535 aliam
428 2464 537 2537 etiam
552 2472 705 2562 praeter:
735 2481 757 2511 “
769 2467 827 2551 o'',
847 2481 869 2511 “
883 2466 939 2537 ol'’
954 2464 1136 2538 exstitisse
1146 2462 1313 2534 formam:

199 2598 223 2631 ‘⁴
233 2585 328 2670 sia''‚
347 2608 533 2679 quaecum
545 2586 700 2659 secunda
717 2585 940 2681 pronominis
954 2607 1106 2681 persona
1119 2606 1191 2655 una
1203 2581 1317 2654 fucrit

198 2710 236 2776 et
247 2704 384 2790 eadem3
404 2713 445 2778 ut
456 2706 624 2781 similiter
634 2706 672 2779 in
683 2705 834 2779 Rossica
844 2706 968 2802 lingua
979 2729 1176 2802 pronomen
1192 2704 1313 2775 “roci''

198 2824 367 2920 primam,
386 2828 579 2901 secundam
595 2835 634 2902 et
649 2828 795 2901 tertiam
809 2828 966 2901 indicare
977 2833 1095 2922 potest
1108 2850 1312 2921 personam.

201 2945 302 3021 Sice.
318 2974 353 3043 g.
375 2951 664 3035 “onma‘arvot’t
678 2950 709 3022 is
721 2950 959 3022 mihimeusi.
972 2974 1005 3022 e.
1019 2971 1120 3021 meus
1141 2954 1316 3041 cognatus

202 3074 278 3139 est:
309 3068 434 3141 “lcodo
460 3094 506 3165 oy
528 3070 664 3170 polojtli
694 3078 791 3143 scoto
829 3068 1013 3165 slrl’'opol''
1050 3091 1121 3164 quo
1147 3065 1316 3161 posuistis

201 3193 364 3259 vestrum
377 3190 540 3286 pileum?
567 3192 591 3263 i.
608 3216 640 3263 e.
656 3216 728 3287 quo
741 3191 891 3285 posuisti
905 3197 1008 3261 tuum
1021 3183 1183 3283 pileum?
1213 3204 1314 3259 “som

202 3331 242 3379 ac
271 3312 382 3396 sooi'',
402 3311 455 3383 sui
473 3336 546 3385 non
565 3337 710 3409 compos
728 3319 797 3385 est.
815 3354 867 3365 -
884 3310 1110 3405 Quamquam
1123 3308 1315 3381 Russicum

201 3426 291 3499 illud
317 3452 400 3501 cum
426 3429 576 3504 Turcico
610 3434 723 3503 “sia''
750 3455 825 3503 non
858 3429 958 3504 omni
991 3454 1039 3501 ex
1066 3436 1169 3525 parte
1197 3432 1317 3521 potest

204 3550 414 3643 comparari,
433 3574 544 3645 quum
562 3551 629 3625 hoo
642 3560 684 3623 ut
696 3552 871 3647 ejusmodi
884 3550 1166 3647 significationes
1177 3548 1316 3632 induat,

204 3669 312 3741 certis
338 3669 552 3765 quibusdam
578 3672 844 3745 conditionibus
869 3671 949 3745 fieri
973 3672 1097 3767 possit,
1116 3694 1205 3766 quas
1222 3692 1318 3741 com·

203 3789 397 3861 memorari
407 3814 482 3863 non
499 3789 603 3885 hujus
620 3791 690 3865 loci
706 3799 774 3865 est.

256 3914 316 3986 Ad
366 3913 561 3985 relativum
606 3938 806 4009 pronomen
855 3911 1134 4008 exprimendum
1181 3909 1322 3981 Turoae

205 4033 391 4130 particulis
417 4034 632 4130 quibusdam
658 4042 820 4120 utuntur,
847 4056 956 4128 quem
990 4030 1184 4105 admodum
1217 4026 1322 4099 Man·

206 4155 316 4230 dchui
334 4156 408 4244 illo,
423 4157 518 4253 quod
537 4180 643 4253 supra
661 4153 1024 4229 commemoravimus
1050 4150 1242 4246 “clogga’'‚
1270 4148 1322 4221 ita
