3050 4867
695 403 743 477 23

207 608 496 692 aaa-amamur,
523 606 651 691 facere,
664 610 705 677 ut
717 603 831 699 aliqui
843 628 881 677 se
895 603 1054 678 invicem
1067 603 1274 679 observent.

208 732 549 819 car-numisma,
576 731 704 817 facere,
716 754 764 805 ne
776 730 839 825 qui
852 754 890 802 se
901 729 1062 803 invicem
1073 733 1276 808 observent,

209 855 575 939 transumuntur,
627 852 755 939 facere,
774 852 902 947 nequi
920 877 957 924 se
981 852 1141 926 invicem
1159 856 1279 929 obser·

978 962 982 968 ’
1021 997 1108 1047 vare
1126 978 1276 1070 possint.

211 1099 272 1173 Ab
301 1097 431 1171 eodem
455 1095 678 1192 Imperativo
705 1093 782 1167 sive
808 1093 929 1167 radice
954 1095 1144 1190 participia
1169 1098 1281 1170 etiam

160 1219 386 1303 derivantur,
422 1242 513 1313 quae
557 1218 780 1311 Temporum
823 1222 908 1288 sunt
940 1216 1179 1289 fundamenta
1220 1223 1282 1293 vel

162 1341 281 1436 potius
299 1340 340 1411 in
357 1338 486 1411 iisdem
504 1337 750 1410 continentur.

213 1460 292 1543 Qua
318 1460 430 1555 igitur
454 1459 593 1531 ratione
622 1458 710 1530 baec
736 1457 926 1554 participia
951 1458 997 1529 ab
1022 1458 1136 1554 iisqne
1153 1461 1283 1536 deinde

162 1577 565 1675 Temporaformentnr,
577 1576 700 1674 paucis
713 1576 772 1649 hic
784 1577 823 1648 in
834 1586 1063 1672 conspectum
1074 1581 1280 1674 producam.

215 1700 267 1794 A)
295 1698 462 1772 Partici
470 1698 587 1794 pium
604 1697 852 1794 praesentis
869 1698 990 1770 littera
1003 1698 1071 1771 “r’'
1086 1699 1198 1773 radici
1215 1702 1285 1798 ipsi

157 1818 287 1916 juncta
297 1821 482 1904 formatur,
498 1842 530 1890 e.
544 1842 578 1913 g.
594 1834 616 1865 “
628 1816 790 1889 bot-Aa''
818 1818 888 1918 [De
902 1820 1052 1892 caeteris
1065 1820 1284 1918 Participiis‚

163 1964 255 2036 quae
273 1939 511 2036 Temporibus
524 1935 724 2011 formandis
741 1961 815 2008 non
833 1939 1047 2024 inserviunt,
1066 1940 1214 2015 hicnon
1228 1952 1286 2016 est

168 2061 392 2158 dicendum]
443 2059 586 2136 Deinde
612 2066 734 2133 autem
761 2058 874 2131 Verbi
900 2060 1088 2133 auxiliaris
1116 2064 1285 2137 “otmar”

163 2190 351 2278 praesente
377 2182 542 2279 apposito
566 2182 610 2253 fit
627 2180 803 2253 Praesens
830 2180 898 2254 hoc
923 2183 1040 2256 modo:
1072 2185 1286 2259 “bak-naim

169 2302 426 2376 :bekur-im.''

214 2422 433 2521 Imperfecti
449 2422 495 2497 V.
516 2447 538 2495 a
577 2421 700 2496 addito
716 2422 869 2495 efficitur
892 2424 1151 2520 Imperfectum
1167 2428 1286 2502 botar-

162 2544 480 2621 arm=aaaoa
603 2528 606 2536 ’

214 2666 386 2764 Negativi
411 2664 524 2740 Verbi
539 2664 776 2762 Participium
789 2666 988 2761 praesentis
1001 2666 1132 2742 desinit
1150 2668 1189 2741 in
1209 2673 1287 2743 “z”

164 2788 348 2865 Schottius
388 2788 555 2883 (Versucb
580 2787 658 2858 aber
684 2787 736 2859 die
766 2786 887 2859 Tutor.
916 2786 1099 2881 Sprcctea,
1117 2813 1200 2885 pag.
1222 2792 1287 2887 28)

163 2910 232 2984 hoc
248 2914 322 2981 “z”
338 2908 535 2983 secundum
549 2930 718 2979 sonorum
729 2906 977 2980 alternationis
989 2909 1150 3003 regulam
1158 2910 1198 2981 in
1211 2912 1290 2985 loco

171 3084 203 3122 a,
222 3035 290 3104 “r’'
318 3028 475 3127 positum
489 3052 566 3103 esse
583 3034 718 3101 censet.
762 3026 831 3111 Qui
861 3027 1039 3100 scabendi
1068 3030 1195 3103 modus
1217 3033 1290 3127 pri·¹

166 3150 282 3222 maria
298 3150 445 3223 videtur
461 3149 572 3223 fuisse
607 3150 735 3221 forma.
791 3148 920 3249 [Saepe
957 3148 996 3219 in
1030 3150 1219 3223 Tartarica
1252 3161 1292 3226 et

164 3270 348 3345 interdum
356 3270 479 3357 etiam,
489 3269 649 3343 maxime
662 3269 823 3365 antiquis
835 3269 1056 3363 temporibus
1064 3270 1104 3342 in
1116 3270 1291 3347 Osmario·

166 3390 302 3467 turcica
313 3391 437 3486 lingua
449 3391 537 3464 haec
553 3389 738 3486 Participii
751 3414 867 3486 praes.
882 3398 971 3462 nota
989 3396 1063 3461 “z'’
1076 3393 1132 3485 (in
1151 3400 1290 3491 “aaz'')

167 3508 292 3585 littera
315 3515 385 3583 “s''
406 3515 556 3607 (“mes”)
576 3510 710 3606 scripta
727 3512 909 3607 apparet]

218 3628 265 3724 Β)
291 3630 642 3727 Participium
668 3632 958 3727 praeteriti
984 3632 1126 3730 syllaba
1144 3638 1288 3710 “mist''

165 3748 389 3846 Imperativo
425 3751 495 3849 ipsi
520 3752 683 3848 apposita
716 3754 903 3839 formatrm
930 3778 963 3827 e.
991 3781 1026 3850 g.
1057 3769 1079 3802 “
1095 3757 1288 3831 bak-mar’

165 3870 311 3948 Exinde
329 3872 443 3947 oritur
459 3870 648 3945 auxiliaris
661 3872 773 3945 Verbi
787 3881 976 3968 praesente
990 3874 1114 3948 addito
1126 3882 1290 3974 tempore

165 3989 435 4064 Perfectum
450 4017 482 4065 e.
496 4018 531 4088 g.
566 4008 588 4039 “
599 3992 851 4065 bak-misaru’
877 3994 923 4066 V.
940 4017 973 4065 a.
987 3993 1136 4091 Imperf.
1152 3997 1287 4089 addito,

166 4109 718 4208 Plusquampcrfectum:
749 4113 1008 4186 beraea-idem.

217 4230 273 4307 De
298 4230 363 4307 illo
387 4230 555 4305 Perfecto
580 4230 641 4306 hic
664 4232 758 4306 mihi
783 4232 893 4308 liceat
909 4256 1068 4321 monere,
1087 4235 1302 4336 Participio'
