3050 4867
747 388 794 461 26

221 592 390 671 Tartarus
412 588 528 666 adhue
544 588 677 664 usitato
688 590 806 663 forma
830 590 953 661 “moa''
969 594 1084 686 (own),
1102 585 1315 661 continetur.

221 734 245 766 “
255 716 349 789 ,Μ’
363 714 565 787 litterarum
581 710 737 807 quodam
753 708 965 807 compendio
979 732 1027 781 ex
1054 707 1178 781 “beo’'
1200 709 1320 781 ortum

123 854 127 862 ·
221 842 260 910 et
283 836 360 933 ejus
383 832 591 908 terminatio
618 832 728 902 “sen''
754 828 974 925 pronominis
999 829 1154 903 secunda
1169 847 1321 925 persona

223 957 315 1053 sing.
351 963 418 1031 est.
489 953 651 1026 Tertiam
689 950 844 1024 Pluralis
885 950 1089 1051 Praesentis
1131 969 1322 1048 personam

73 1126 75 1131 .
223 1075 405 1150 Pluralem
417 1074 517 1149 vocis
531 1073 635 1144 “dir''
650 1095 737 1159 esse,
750 1070 867 1169 primo
878 1069 956 1167 jam
965 1070 1129 1145 videmus
1139 1064 1321 1167 adspectu

223 1198 349 1293 Ipsum
374 1200 495 1268 autem
513 1194 624 1265 “'dir''
639 1196 641 1199 ’
654 1198 710 1267 est
725 1216 856 1290 purum
871 1190 1075 1290 Praesentis
1090 1190 1325 1288 Partioipium

224 1340 290 1415 pro
307 1316 452 1389 “dior”
471 1314 548 1389 sive
567 1314 742 1399 “deror’'‚
760 1338 784 1386 a
797 1328 820 1361 ‘⁶
833 1313 1011 1399 durmolc''‚
1028 1336 1121 1409 quae
1136 1312 1274 1387 formae
1285 1313 1326 1387 in

226 1442 438 1535 'quocunque
454 1435 575 1533 Verbo
598 1456 738 1530 semper
755 1432 903 1531 eaedem
916 1437 1067 1533 'sunt—e,
1089 1459 1124 1529 g.
1152 1434 1327 1509 “babor”

227 1557 495 1642 “observans''‚
523 1554 717 1629 sedetiam
745 1543 979 1653 “observati
1031 1551 1185 1627 Pluralis
1210 1554 1328 1651 prima

228 1700 379 1777 persona
391 1675 532 1773 syllaba
550 1691 572 1724 “
583 1677 649 1749 iz''
660 1673 864 1771 insignitur,
881 1696 973 1770 quae
985 1696 1051 1771 pro
1068 1675 1206 1747 “irata”
1231 1673 1329 1749 diota

228 1796 357 1893 atejus
373 1794 580 1870 terminatio
596 1816 795 1893 pronomen
811 1792 930 1867 suffiX.
948 1792 980 1867 Ι.
1006 1811 1102 1889 pers.
1128 1793 1223 1891 plur.
1248 1792 1329 1892 pari

229 1916 346 2005 modo,
359 1920 402 1989 ut
415 1917 531 1988 “niz''
544 1914 584 1989 in
597 1914 758 2002 “sioizffi
772 1938 838 2012 pro
851 1914 1014 1987 “aluiz”
1024 1922 1130 2011 pron.
1143 1913 1251 1988 suffix
1274 1900 1326 1988 Πζ

228 2038 323 2135 plur.
820 2128 822 2131 Ι
992 2033 994 2039 ”
1218 2056 1221 2061 ·
1280 2035 1282 2037 ’

279 2157 395 2255 Super
410 2160 466 2231 est
476 2156 566 2252 jam,
584 2159 625 2228 ut
641 2152 905 2250 consideremus
920 2150 1033 2227 Verbi
1042 2154 1235 2229 vauxiliaris
1248 2151 1331 2229 'Im-

231 2278 451 2376 perfectum
479 2276 538 2351 oui
560 2280 683 2379 tamen
709 2273 901 2371 peculiaris
927 2298 1002 2347 non
1015 2273 1110 2369 inest
1129 2274 1330 2350 diffioultas.

232 2396 278 2473 In
296 2398 451 2485 “idion
470 2396 616 2484 “idio’',
635 2395 744 2469 “idi''
762 2408 818 2469 est
837 2399 911 2468 “i''
928 2393 1158 2471 radixVerbi
1176 2398 1332 2471 “imola'’

235 2518 342 2613 litera
367 2516 448 2589 “d”
474 2540 566 2613 quae
591 2516 752 2613 sequitur
781 2556 802 2593 a
827 2518 901 2589 “i'’
926 2516 1053 2591 eadem
1076 2522 1143 2605 est,
1169 2511 1335 2615 quarnin
1364 2519 1368 2527 '

232 2636 426 2738 Partioipio
467 2636 652 2735 praeteriti
693 2635 732 2710 in
776 2636 895 2710 “dil''
936 2636 1124 2712 desinente
1139 2726 1143 2732 ¹
1156 2638 1351 2715 videmus..

234 2759 374 2833 Littera
392 2773 414 2805 “
425 2760 481 2831 ra'’
495 2757 649 2858 denique
660 2762 715 2832 est
726 2781 829 2855 pron.
845 2756 963 2830 suffix.
978 2758 1009 2855 Ι.
1025 2756 1114 2855 Sing
1137 2752 1217 2831 “a''
1231 2761 1334 2857 pmn'.

237 2880 356 2980 suffix.
383 2879 435 2953 H.
463 2878 663 2976 Sing.'“i''
689 2901 794 2976 pron.
820 2879 939 2952 suffix.
966 2877 1038 2953 ΙΠ.
1067 2878 1165 2977 sing,
1193 2875 1337 2954 Primae

236 3022 323 3074 vero
339 2997 493 3071 Pluralis
509 3012 683 3093 personae
695 2997 910 3095 particulam
934 2997 1054 3073 “dile’'
1080 2998 1194 3073 abusu
1217 3017 1339 3073 reeen-

237 3120 370 3221 tiorum
386 3124 591 3215 temporum
606 3117 798 3191 formatam
814 3141 891 3192 esse
915 3119 1043 3204 ored03
1071 3108 1242 3217 quam-ob
1257 3119 1339 3223 oau-

238 3264 317 3341 sam
333 3238 448 3336 qualis
466 3238 524 3325 sit,
538 3242 636 3313 certo
648 3236 720 3335 diei
731 3261 805 3310 non
817 3241 947 3333 potest.
1000 3236 1094 3323 Quid
1112 3254 1135 3286 “
1145 3240 1264 3313 sinist
1278 3233 1339 3327 sit,

238 3382 304 3457 per
317 3382 354 3431 se
370 3361 482 3453 patet.
1261 3362 1282 3451 J

244 3484 254 3513 ⁵
290 3478 388 3563 Quae
404 3476 464 3549 hio
479 3476 524 3550 de
537 3475 649 3549 Verbi
661 3476 846 3550 auxiliaris
858 3466 1254 3581 Imperfeotodiximusg
1268 3482 1340 3553 non¹

240 3598 361 3673 minus
377 3598 501 3670 valent
517 3597 562 3669 de
578 3596 752 3684 Perfecto,
769 3597 901 3693 quode
918 3598 1021 3672 verbi
1036 3600 1153 3673 radice
1169 3600 1342 3697 composi-

241 3727 320 3793 tum
336 3721 393 3791 est
409 3722 447 3791 et
459 3716 598 3812 syllaba
615 3732 638 3764 “
649 3717 754 3805 ἄπ’,
772 3741 805 3792 e.
825 3745 860 3815 g.
881 3719 1083 3793 “baledin''
1133 3718 1229 3793 Illud
1244 3712 1343 3793 enim

243 3855 266 3887 “
277 3839 369 3911 dim''
387 3834 532 3910 brevior
541 3842 683 3912 tantum
693 3842 749 3911 est
758 3836 967 3935 Mperfeoti
977 3835 1094 3912 foi-na
1104 3841 1181 3937 pro:
1197 3840 1342 3914 “itia”

294 3956 518 4054 optativum,
546 3956 838 4055 conjunctivum
874 3957 1161 4036 Conditionslem
1186 3960 1344 4063 complu-

244 4101 378 4191 'resque¹
388 4077 479 4155 alias
491 4103 549 4181 res
565 4078 785 4181 singulares
794 4077 885 4178 quae
900 4078 941 4154 in
958 4078 1079 4187 Verbo
1095 4079 1247 4195 Τωβίου
1262 4087 1345 4158 oon·
