3050 4867
786 403 811 477 6

243 607 388 698 propter
405 602 628 676 Tartaricom
645 601 805 675 indolem
820 603 1009 677 doctorum
1024 604 1168 679 animos
1181 605 1349 681 advertat

240 746 385 795 necesse
402 729 458 796 est
473 724 645 797 virorum.
1219 734 1222 741 '
1345 706 1358 798 ,¹

292 844 407 927 Quam
444 845 590 939 quidem
631 844 707 941 ejus
742 844 901 918 indolem
934 870 1115 943 exponere
1148 855 1187 921 et
1219 848 1350 943 qnibm

240 964 483 1038 fundamentis
508 966 655 1053 nitatur,
681 966 938 1053 demonstrare,
964 967 1003 1039 id
1028 975 1095 1055 est,
1120 968 1217 1064 quod
1248 994 1349 1044 nunc

239 1084 427 1161 instituere
444 1088 609 1162 conabor.

289 1227 394 1299 Prius
419 1234 540 1302 autem
566 1253 675 1324 quam
700 1228 744 1302 de
771 1230 956 1304 Tartarica
975 1230 1100 1327 lingua
1116 1234 1211 1327 quod
1228 1232 1348 1307 sentio

239 1350 428 1446 proferam,
446 1373 559 1444 pauca
574 1349 619 1421 de
630 1347 787 1445 cujusvis
797 1350 942 1445 linguae
953 1358 1133 1423 structura
1143 1354 1345 1449 generatim

239 1470 443 1542 disserenda
483 1469 662 1554 videntur,
706 1494 777 1564 quo
809 1469 939 1542 clarior
971 1472 1076 1545 nobis
1107 1480 1192 1545 ante
1225 1474 1348 1548 oculos

238 1598 393 1687 ponatur
410 1591 542 1686 imago.

286 1710 448 1806 Linguae
490 1734 556 1806 ope
599 1734 710 1804 quum
752 1733 843 1804 quae
887 1734 990 1783 mens
1032 1710 1167 1807 cogitat
1200 1710 1348 1810 auribus¹
1495 1713 1496 1724 ³

237 1830 436 1917 tradantur,
462 1828 598 1925 duplici
623 1852 704 1901 eam
729 1830 846 1917 modo,
873 1838 914 1902 ut
939 1832 1032 1903 alter
1047 1832 1237 1904 materiem
1254 1833 1350 1905 alter

237 1954 390 2025 formam
401 1958 548 2049 spectet,
560 1952 784 2025 considerare
797 1952 979 2038 debemus;
1004 1976 1154 2047 quorum
1165 1934 1226 2025 ille
1240 1977 1349 2026 sonos

236 2072 409 2159 continet,
427 2073 555 2168 quibus
572 2072 657 2167 quid
667 2073 747 2168 quis
765 2072 866 2158 velit,
879 2071 1071 2159 indicatur,
1085 2072 1199 2145 verba
1213 2074 1294 2147 dico
1307 2081 1345 2147 et

236 2193 420 2280 vocabula,
447 2192 508 2265 hio
525 2192 624 2265 viam
650 2192 754 2265 uobis
771 2192 995 2264 demonstrat
1012 2199 1049 2265 et
1065 2194 1253 2281 rationem,
1272 2216 1344 2291 qua

235 2315 347 2387 verba
358 2322 399 2386 ut
411 2314 666 2409 cogitationum
677 2313 840 2385 ordinem
853 2320 891 2385 et
902 2313 1075 2408 periodos,
1103 2299 1196 2410 quae
1220 2315 1341 2388 dicun-

235 2442 304 2522 tur,
319 2435 485 2520 efficiant,
496 2434 592 2506 inter
606 2456 642 2506 se
648 2434 862 2529 jungantur.
908 2434 975 2506 Ille
986 2435 1032 2506 ad
1044 2434 1162 2508 lexico
1174 2436 1340 2531 pertinet,

234 2555 294 2628 hic
311 2555 357 2627 ad
375 2554 661 2651 grammaticam,
713 2554 896 2637 Quomodo
921 2561 1054 2641 autem,
1083 2556 1113 2628 si
1138 2557 1184 2629 de
1200 2554 1341 2627 aedium

234 2676 498 2750 constructione
521 2675 712 2772 loquimur,
743 2700 815 2748 non
846 2676 947 2773 ligna
976 2682 1014 2749 et
1043 2676 1181 2771 lapides
1211 2677 1342 2773 quibua

234 2802 439 2871 exstructae
450 2801 545 2883 sunt,
564 2794 728 2881 dicimus,
748 2795 809 2868 sed
826 2796 974 2868 modurn
988 2794 1106 2891 potius
1122 2816 1193 2891 quo
1210 2794 1343 2891 singuli

141 2934 147 2945 ·
235 2916 371 3013 lapides
415 2915 515 2989 scissi
548 2921 665 2988 totum
698 2914 834 3010 aliquid
866 2915 1034 3001 efficiant,
1069 2915 1120 2988 sio
1152 2938 1263 3011 quum
1297 2911 1341 2983 de

233 3036 377 3132 linguae
407 3034 590 3132 cujusdam
621 3041 800 3107 structura
829 3058 946 3108 sermo
971 3040 1037 3120 est,
1068 3058 1146 3127 non
1172 3032 1354 3105 materies·

233 3157 458 3253 intelligitur,
494 3157 555 3230 sed
589 3156 692 3242 ratic,
727 3179 801 3251 qua
833 3155 997 3250 singulae
1027 3152 1191 3224 materiei
1220 3160 1341 3249 partes

234 3277 440 3375 (vocabula)
458 3300 571 3357 unum
588 3276 743 3349 efficiant
760 3273 983 3369 conjunctae,
999 3272 1128 3368 quibus
1142 3272 1340 3370 conjunctis

234 3399 351 3470 forma
368 3396 507 3470 existit.

285 3518 400 3601 Quam
417 3516 462 3590 ob
479 3541 557 3591 rem
574 3514 677 3589 nobis
695 3514 739 3588 de
766 3519 947 3586 structura
970 3514 1086 3589 verba
1101 3512 1250 3587 facturis
1266 3537 1352 3585 non:

234 3638 438 3736 quaerenda
448 3642 542 3722 aunt,
553 3660 644 3732 quae
658 3636 704 3707 ad
714 3634 833 3707 lexico.
842 3634 1035 3730 pertinent,
1051 3635 1113 3707 sed
1126 3656 1216 3728 quae
1227 3634 1340 3706 solam

235 3758 507 3857 grammaticam
549 3761 723 3851 spectant,
767 3753 873 3851 hujus
907 3755 1005 3828 enim
1034 3760 1090 3831 est
1123 3759 1346 3827 structuram·
1397 3756 1401 3763 ’

234 3881 378 3977 linguae
420 3878 557 3963 docere,
584 3899 655 3973 quo
699 3876 753 3963 fit,
796 3882 838 3947 ut
880 3883 1078 3950 structume
1113 3876 1226 3948 soleat
1257 3873 1341 3946 addi

235 4000 454 4095 adjectivum
472 4012 494 4043 “
507 3996 803 4093 grammaticae’'‚
824 3996 974 4093 ideoque
997 4021 1138 4094 semper
1157 3997 1201 4069 de
1222 4020 1339 4091 gram·

235 4121 369 4193 matica
411 4118 559 4215 alicujus
592 4117 738 4214 linguae
772 4124 951 4192 structum
983 4118 1186 4214 loquantur.
1254 4114 1341 4188 Alia

235 4240 357 4339 igitur,
394 4263 504 4338 quam
541 4238 780 4337 grammatica
814 4238 964 4337 alicujus
988 4238 1132 4336 linguae
1162 4243 1341 4313 structura
