3050 4867
755 401 804 477 30

280 602 469 675 “Asitcaei
485 600 591 674 s’odet
607 598 716 673 d’ooet
733 599 1033 698 olandagtomizia
1046 602 1188 704 mudjibi
1213 627 1253 677 aa
1269 605 1326 679 dir

228 724 398 819 deposcat
414 722 548 810 eiledi‚''
565 722 589 794 i.
607 746 639 795 e.
659 723 705 794 ad
721 721 832 796 limen
848 723 1078 797 beatitudinis
1094 725 1119 798 i.
1139 748 1175 821 q.
1193 725 1325 814 aulam,

227 844 423 919 vocationis
439 844 541 918 nobis
558 844 653 916 facta
668 865 786 929 causa,
804 848 978 939 quaeest,
996 844 1156 931 dicendo,
1175 844 1325 919 interro·

229 964 343 1062 gavit.
1303 1030 1306 1033 ,

280 1086 464 1183 “Drdugr'o
492 1085 735 1181 istitmedcgim
752 1108 790 1157 aa
807 1107 898 1158 oona
914 1087 1040 1181 polana
1060 1088 1204 1184 gitmega‘
1228 1088 1328 1161 istit-

227 1208 443 1305 raedigimdea
468 1207 561 1293 dir,''
588 1206 612 1278 i.
640 1230 672 1279 e.
699 1205 802 1279 Dixit
826 1228 932 1278 causa
957 1204 1061 1301 hujus
1077 1206 1130 1278 rei
1146 1213 1211 1293 est,
1228 1207 1324 1304 quod

227 1354 301 1402 non
318 1352 371 1416 ea,
398 1352 489 1425 quae
514 1328 609 1401 dixit
632 1327 768 1400 audivi.
822 1326 886 1424 (cs.
913 1326 951 1399 J.
979 1326 1020 1400 O.
1048 1325 1175 1413 Clodii,
1200 1326 1327 1401 Larici

230 1449 372 1523 Taurici
399 1448 541 1545 Triplex
568 1447 675 1520 Iader
690 1452 774 1534 etc,
792 1447 935 1542 Lipsiae
953 1448 1063 1523 1730,
1081 1471 1164 1544 pag.
1179 1448 1241 1522 85.
1261 1449 1322 1523 86.

227 1573 344 1665 sena)

535 1808 959 1822 W

275 2009 500 2109 Quamquam
523 2012 640 2085 multa
665 2016 853 2109 supersunt
877 2034 1030 2107 quorum
1055 2010 1094 2083 in
1128 2008 1328 2113 Turcarum

223 2128 368 2227 linguae
401 2133 519 2208 indole
553 2133 782 2229 explananda
807 2136 944 2206 mentio
969 2131 1048 2204 fieri
1072 2130 1194 2227 possit,
1221 2153 1328 2226 quae·

223 2273 362 2349 cunque
389 2259 510 2326 autem
536 2252 814 2327 commemoravi
840 2252 955 2325 multo
981 2251 1158 2347 profusius
1175 2257 1325 2347 possunt

222 2374 380 2461 tractari,
398 2373 511 2447 nihilo
528 2376 646 2449 minus
662 2382 786 2447 tamen
802 2374 886 2447 huic
899 2372 1083 2470 scriptioni
1095 2372 1323 2469 imponamus

221 2494 344 2581 finem,
373 2519 495 2589 quum,
522 2502 563 2568 ut
588 2495 726 2591 saepius
746 2494 835 2589 jam¹
849 2494 937 2579 dixi,
964 2493 1031 2567 hoc
1056 2500 1199 2565 tantum
1215 2492 1318 2565 nobis

220 2613 331 2687 fuerit
346 2615 576 2712 propositum,
594 2623 635 2689 ut
659 2615 789 2713 quibus
813 2613 918 2687 rebus
942 2614 1126 2687 maxime
1150 2618 1322 2709 appareat

222 2734 420 2836 Turcarum
437 2737 580 2834 linguae
597 2736 746 2823 indoles,
773 2736 1069 2809 demonstrarem.
1120 2733 1172 2808 Ut
1197 2731 1319 2807 autem

221 2880 398 2955 perpauca
423 2858 496 2931 sint
520 2864 557 2931 et
573 2857 662 2931 vilia
687 2882 779 2954 quae
805 2856 898 2943 dedi,
925 2856 962 2928 id
987 2861 1083 2928 certe
1107 2855 1183 2928 fore
1200 2853 1319 2941 credo,

221 2983 263 3049 ut
296 2989 538 3074 cognoscatur,
566 2978 756 3051 Turcicam
781 2977 943 3077 linguam
975 2976 1201 3050 immerito
1240 2974 1320 3047 aliis

220 3098 427 3195 posthaberi
439 3099 583 3196 ejusque
601 3097 757 3171 studium
774 3098 903 3172 nimis
919 3097 1064 3193 negligi,
1079 3095 1210 3193 quippe
1228 3119 1319 3192 quae

220 3226 367 3316 propter
391 3219 638 3293 admirabilem
656 3218 935 3314 simplicitatem,
954 3217 1172 3313 singularem
1189 3218 1319 3290 forma

221 3362 303 3411 rum
322 3339 570 3433 fingendarum
587 3338 811 3424 facilitatem,
829 3339 1044 3434 peculiarem
1073 3336 1214 3409 dicendi
1244 3338 1321 3409 bre-

221 3458 384 3544 vitatem,
396 3458 636 3532 acutissimam
646 3458 799 3554 denique
809 3482 929 3530 rerum
943 3456 1258 3553 significandarum
1267 3480 1323 3527 ra

221 3579 358 3653 tionem
375 3578 551 3676 imprimis
568 3578 696 3653 idonea
713 3577 772 3663 sit,
791 3600 882 3673 quae
898 3577 1002 3649 nobis
1026 3576 1174 3649 humani
1189 3576 1327 3673 ingenii
1415 3650 1419 3660 ,

221 3700 349 3773 vimet
365 3700 582 3789 facultatem,
601 3724 672 3797 qua
695 3698 837 3794 linguas
870 3697 989 3795 gignit
1016 3703 1054 3772 et
1063 3699 1206 3784 format,
1237 3703 1322 3770 ante

221 3819 341 3895 oculos
366 3844 563 3921 proponere
581 3820 703 3919 possit.

646 4112 903 4171 &ww
