3050 4867
46 1048 69 1090 :z
86 1035 124 1104 gs
218 1020 274 1095 Du
291 1017 643 1113 Turcarumlinguae
654 1014 773 1088 indole
791 1038 832 1087 ac
849 1018 979 1086 natura
996 1012 1105 1117 uerba
1117 1010 1275 1083 {aeturus

169 1143 277 1215 valde
294 1165 429 1227 vereor,
443 1164 489 1213 ne
502 1138 541 1211 in
558 1138 755 1211 multorum
768 1134 957 1208 hominum
969 1134 1148 1207 incurram
1165 1132 1275 1205 offena

75 1238 78 1250 λ
113 1348 117 1380 ,
169 1263 306 1336 sionem
332 1268 439 1357 atque
465 1260 651 1344 invidiam,
677 1258 774 1355 quod
798 1281 880 1330 eam
905 1256 1075 1351 elegerim
1100 1255 1273 1350 linguam,

113 1399 117 1474 Ι
170 1408 262 1479 quae
288 1382 468 1479 plerisque
493 1381 584 1453 nulli
610 1378 758 1451 omnino
785 1378 833 1451 sit
857 1402 973 1463 curae,
995 1401 1099 1471 saepe
1125 1399 1275 1447 numero

168 1502 476 1598 parvipendatur,
494 1498 722 1595 diligentiore
739 1498 894 1594 denique
911 1498 1071 1570 virorum
1087 1496 1274 1568 doctorum

167 1622 286 1695 studio
302 1622 452 1715 minime
469 1622 579 1717 digna
595 1618 782 1691 habeatur.

219 1741 431 1836 Priusquam
449 1741 559 1835 igitur
571 1741 616 1811 ad
630 1764 707 1812 rem
720 1738 835 1837 ipsam
849 1737 1069 1835 perveniam,
1083 1733 1204 1832 paucis
1216 1756 1275 1805 me

168 1856 215 1930 ab
240 1857 412 1952 ejusmodi
437 1859 744 1956 obiurgationibus
770 1858 961 1932 defendam
985 1882 1094 1955 quarn
1115 1854 1275 1928 maxime

166 1978 315 2051 videtur
338 2000 493 2051 necesse.
547 1978 692 2075 Duplex
717 1985 774 2053 est
797 1986 919 2051 autern
941 1978 1070 2050 horum
1087 1976 1275 2048 hominum

169 2124 294 2195 genus.
371 2098 460 2171 Pars
493 2100 592 2173 enim
625 2124 749 2174 eorum
783 2125 896 2197 quum
929 2123 1036 2173 omne
1069 2098 1275 2195 linguarum

168 2220 326 2293 studium
351 2218 433 2292 odio
458 2219 601 2306 habeat,
627 2228 706 2294 tum
733 2222 933 2295 'Purearum
958 2220 1119 2316 linguam
1136 2225 1278 2316 praeter

168 2346 305 2413 ceteras
321 2337 529 2425 detestatur,
548 2341 662 2413 altera
678 2366 790 2438 quum
807 2349 845 2414 et
861 2340 939 2437 ipsa
955 2340 1153 2413 delectetur
1177 2339 1274 2412 litte-

168 2482 289 2531 rarum
315 2460 474 2546 seientia,
496 2458 630 2533 hancce
660 2461 873 2547 doctrinam,
899 2461 957 2534 cui
984 2459 1136 2533 eandem
1165 2483 1274 2555 quam

171 2580 319 2675 reliquis
336 2604 481 2675 operam
498 2586 621 2666 navet,
635 2580 823 2676 indignam
839 2587 973 2654 censet.

222 2698 275 2770 Ac
300 2695 457 2795 primum
483 2698 628 2795 quidem
654 2724 766 2795 genus
792 2700 886 2797 quod
920 2699 1063 2784 attinet,
1093 2722 1167 2772 non
1192 2724 1273 2772 raro

167 2818 331 2892 audimus
343 2843 450 2894 voces
463 2807 700 2916 complurium
714 2846 860 2893 assensu
871 2821 1129 2917 comprobatas,
1143 2821 1272 2918 quibus

164 2938 360 3035 insigniore
378 2941 495 3013 studio
511 2940 680 3036 indignae
688 2940 1030 3036 judicanturomnes
1041 2942 1189 3015 omnino
1200 2966 1269 3027 res,

164 3084 257 3158 quae
274 3086 357 3134 oum
369 3062 457 3148 loco,
472 3086 543 3158 quo
553 3062 640 3148 nati,
656 3062 716 3133 vel
730 3063 872 3158 populo,
888 3064 982 3136 unde
993 3064 1135 3137 oriundi
1147 3086 1270 3137 sumus

162 3182 328 3281 proxime
355 3208 428 3257 non
446 3190 531 3255 sunt
548 3183 770 3267 coniunctae,
789 3184 969 3280 imprimis
989 3209 1084 3270 vero,
1103 3184 1134 3256 si
1151 3207 1268 3257 sermo

165 3302 209 3375 de
227 3302 394 3399 gentibus
411 3310 477 3390 est,
496 3328 587 3400 quae
604 3310 667 3375 aut
684 3284 848 3401 regiones
865 3329 887 3376 a
903 3305 1020 3402 patria
1031 3312 1154 3377 nostra
1167 3304 1270 3377 valde

170 3429 326 3497 remotas
351 3422 525 3510 incolunt,
552 3430 615 3496 aut
639 3423 810 3498 barbarae
836 3425 1014 3498 habentur
1040 3432 1078 3498 et
1101 3424 1268 3513 incultae,
1356 3517 1359 3523 Α

169 3539 289 3641 Neque
316 3568 403 3617 vero
427 3545 472 3617 de
498 3544 649 3616 historia
673 3552 827 3629 tantum,
853 3545 1025 3639 religione
1050 3550 1089 3617 et
1112 3543 1270 3617 moribus

165 3660 231 3739 hoc
249 3666 410 3738 sentiunt
434 3707 486 3720 -
511 3664 581 3735 nisi
599 3666 691 3737 forte
717 3666 962 3738 curiositatem
987 3665 1168 3761 quandam
1185 3690 1270 3763 pue·

162 3788 267 3861 rilem
279 3796 316 3860 et
326 3786 554 3884 phantasiam
565 3786 674 3859 nimis
687 3788 880 3883 vigentem,
888 3787 1097 3884 quaerariis
1110 3788 1269 3864 locorum

161 3906 270 4005 longe
288 3933 309 3979 a
326 3908 428 3981 nobis
446 3908 653 3981 dissitorum
670 3906 888 4004 imaginibus
905 3907 1076 3983 delectari
1089 3910 1190 3996 solet,
1206 3936 1269 3985 ex-

160 4030 276 4126 cipias
302 4071 353 4085 -
379 4028 441 4102 sed
458 4029 572 4103 multo
598 4030 709 4104 etiam
734 4029 850 4127 magis
875 4032 920 4104 de
945 4032 1089 4105 illarum
1107 4032 1270 4130 gentium

160 4148 309 4247 linguis.
363 4150 465 4237 Quod
492 4150 523 4223 si
548 4151 669 4224 omnia
694 4151 857 4247 gentium
882 4154 980 4225 facta
1004 4174 1067 4226 auc
1092 4155 1269 4242 instituta,

161 4294 252 4369 quae
270 4272 343 4347 illis
360 4296 494 4361 narras,
514 4271 630 4345 taedio
655 4296 715 4346 eos
739 4273 912 4361 afficiunt,
938 4273 1017 4347 fieri
1041 4298 1115 4347 non
1139 4281 1268 4371 potest,
